<?xml version="1.0" encoding="UTF-8"?>
<!DOCTYPE html PUBLIC "-//W3C//DTD XHTML 1.0 Transitional//EN"
    "http://www.w3.org/TR/xhtml1/DTD/xhtml1-transitional.dtd">
<html xmlns="http://www.w3.org/1999/xhtml" xml:lang="en" lang="en">
 <head>
  <title>
</title>
<meta http-equiv="Content-Type" content="text/html;charset=utf-8" />
  <meta name='ocr-system' content='tesseract 3.04.00' />
  <meta name='ocr-capabilities' content='ocr_page ocr_carea ocr_par ocr_line ocrx_word'/>
</head>
<body>
  <div class='ocr_page' id='page_1' title='image "./publiivirgiliim00rivigoog/publiivirgiliim00rivigoog_0018.png"; bbox 0 0 1666 2964; ppageno 0'>
   <div class='ocr_carea' id='block_1_1' title="bbox 380 427 746 471">
    <p class='ocr_par' dir='ltr' id='par_1_1' title="bbox 380 427 746 471">
     <span class='ocr_line' id='line_1_1' title="bbox 380 427 746 471; baseline 0.008 -3"><span class='ocrx_word' id='word_1_1' title='bbox 380 427 456 470; x_wconf 72' lang='lat' dir='ltr'><strong>llus.</strong></span> <span class='ocrx_word' id='word_1_2' title='bbox 724 431 746 471; x_wconf 84' lang='lat' dir='ltr'><strong>ll</strong></span> 
     </span>
    </p>
   </div>
   <div class='ocr_carea' id='block_1_2' title="bbox 82 514 757 1533">
    <p class='ocr_par' dir='ltr' id='par_1_2' title="bbox 82 514 749 736">
     <span class='ocr_line' id='line_1_2' title="bbox 83 514 747 580; baseline 0 -14"><span class='ocrx_word' id='word_1_3' title='bbox 83 530 158 570; x_wconf 77' lang='lat' dir='ltr'><strong>suum</strong></span> <span class='ocrx_word' id='word_1_4' title='bbox 165 515 310 580; x_wconf 75' lang='lat' dir='ltr'><strong>prinoipem</strong></span> <span class='ocrx_word' id='word_1_5' title='bbox 320 514 440 578; x_wconf 78' lang='lat' dir='ltr'><strong>Virgilius</strong></span> <span class='ocrx_word' id='word_1_6' title='bbox 449 514 577 577; x_wconf 71' lang='lat' dir='ltr'><strong>expressit,</strong></span> <span class='ocrx_word' id='word_1_7' title='bbox 585 514 614 563; x_wconf 83' lang='lat' dir='ltr'><strong>ut</strong></span> <span class='ocrx_word' id='word_1_8' title='bbox 622 515 647 564; x_wconf 90' lang='lat' dir='ltr'><strong>in</strong></span> <span class='ocrx_word' id='word_1_9' title='bbox 658 516 747 576; x_wconf 79' lang='lat' dir='ltr'><strong>AErreu,</strong></span> 
     </span>
     <span class='ocr_line' id='line_1_3' title="bbox 82 594 749 661; baseline -0.003 -12"><span class='ocrx_word' id='word_1_10' title='bbox 82 599 150 649; x_wconf 78' lang='lat' dir='ltr'><strong>solut</strong></span> <span class='ocrx_word' id='word_1_11' title='bbox 158 597 187 646; x_wconf 91' lang='lat' dir='ltr'><strong>ln</strong></span> <span class='ocrx_word' id='word_1_12' title='bbox 196 596 312 658; x_wconf 75' lang='lat' dir='ltr'><strong>speculo,</strong></span> <span class='ocrx_word' id='word_1_13' title='bbox 330 596 355 644; x_wconf 80' lang='lat' dir='ltr'><strong>el</strong></span> <span class='ocrx_word' id='word_1_14' title='bbox 370 596 495 658; x_wconf 80' lang='lat' dir='ltr'><strong>Augustus</strong></span> <span class='ocrx_word' id='word_1_15' title='bbox 506 594 560 656; x_wconf 86' lang='lat' dir='ltr'><strong>lpse</strong></span> <span class='ocrx_word' id='word_1_16' title='bbox 573 606 612 651; x_wconf 85' lang='lat' dir='ltr'><strong>ss,</strong></span> <span class='ocrx_word' id='word_1_17' title='bbox 623 597 647 645; x_wconf 86' lang='lat' dir='ltr'><strong>et</strong></span> <span class='ocrx_word' id='word_1_18' title='bbox 665 598 749 661; x_wconf 81' lang='lat' dir='ltr'><strong>dugu-</strong></span> 
     </span>
     <span class='ocr_line' id='line_1_4' title="bbox 86 673 670 736; baseline -0.007 -7"><span class='ocrx_word' id='word_1_19' title='bbox 86 682 150 729; x_wconf 77' lang='lat' dir='ltr'><strong>ulum</strong></span> <span class='ocrx_word' id='word_1_20' title='bbox 159 675 270 727; x_wconf 81' lang='lat' dir='ltr'><strong>Romani</strong></span> <span class='ocrx_word' id='word_1_21' title='bbox 280 686 332 723; x_wconf 90' lang='lat' dir='ltr'><strong>non</strong></span> <span class='ocrx_word' id='word_1_22' title='bbox 342 673 493 736; x_wconf 78' lang='lat' dir='ltr'>adgnoscere</span> <span class='ocrx_word' id='word_1_23' title='bbox 503 687 553 723; x_wconf 88' lang='lat' dir='ltr'><strong>nou</strong></span> <span class='ocrx_word' id='word_1_24' title='bbox 562 677 670 736; x_wconf 81' lang='lat' dir='ltr'><strong>possent.</strong></span> 
     </span>
    </p>

    <p class='ocr_par' dir='ltr' id='par_1_3' title="bbox 90 752 757 1451">
     <span class='ocr_line' id='line_1_5' title="bbox 113 752 748 820; baseline 0 -16"><span class='ocrx_word' id='word_1_25' title='bbox 113 756 204 820; x_wconf 78' lang='lat' dir='ltr'><strong>Quum</strong></span> <span class='ocrx_word' id='word_1_26' title='bbox 213 754 294 817; x_wconf 83' lang='lat' dir='ltr'><strong>igitur</strong></span> <span class='ocrx_word' id='word_1_27' title='bbox 304 753 335 802; x_wconf 84' lang='lat' dir='ltr'><strong>sd</strong></span> <span class='ocrx_word' id='word_1_28' title='bbox 346 752 372 801; x_wconf 92' lang='lat' dir='ltr'><strong>id</strong></span> <span class='ocrx_word' id='word_1_29' title='bbox 381 754 504 815; x_wconf 81' lang='lat' dir='ltr'><strong>Augustus</strong></span> <span class='ocrx_word' id='word_1_30' title='bbox 518 752 586 802; x_wconf 90' lang='lat' dir='ltr'><strong>omni</strong></span> <span class='ocrx_word' id='word_1_31' title='bbox 597 756 623 802; x_wconf 85' lang='lat' dir='ltr'><strong>et</strong></span> <span class='ocrx_word' id='word_1_32' title='bbox 634 755 748 805; x_wconf 70' lang='lat' dir='ltr'><strong>oonsilio-</strong></span> 
     </span>
     <span class='ocr_line' id='line_1_6' title="bbox 90 832 752 898; baseline -0.005 -11"><span class='ocrx_word' id='word_1_33' title='bbox 90 849 143 887; x_wconf 82' lang='lat' dir='ltr'><strong>rurrr</strong></span> <span class='ocrx_word' id='word_1_34' title='bbox 153 836 279 898; x_wconf 83' lang='lat' dir='ltr'><strong>udpsrutu</strong></span> <span class='ocrx_word' id='word_1_35' title='bbox 288 834 313 881; x_wconf 88' lang='lat' dir='ltr'><strong>et</strong></span> <span class='ocrx_word' id='word_1_36' title='bbox 321 832 386 882; x_wconf 85' lang='lat' dir='ltr'><strong>mole</strong></span> <span class='ocrx_word' id='word_1_37' title='bbox 395 833 515 882; x_wconf 81' lang='lat' dir='ltr'><strong>bellorum</strong></span> <span class='ocrx_word' id='word_1_38' title='bbox 525 834 654 894; x_wconf 74' lang='lat' dir='ltr'><strong>spectare,</strong></span> <span class='ocrx_word' id='word_1_39' title='bbox 664 837 692 883; x_wconf 86' lang='lat' dir='ltr'><strong>ut</strong></span> <span class='ocrx_word' id='word_1_40' title='bbox 702 836 752 884; x_wconf 81' lang='lat' dir='ltr'><strong>llo</strong></span> 
     </span>
     <span class='ocr_line' id='line_1_7' title="bbox 91 911 750 977; baseline -0.003 -12"><span class='ocrx_word' id='word_1_41' title='bbox 91 927 191 965; x_wconf 76' lang='lat' dir='ltr'><strong>munus</strong></span> <span class='ocrx_word' id='word_1_42' title='bbox 205 912 340 974; x_wconf 88' lang='lat' dir='ltr'><strong>imperium</strong></span> <span class='ocrx_word' id='word_1_43' title='bbox 352 911 383 961; x_wconf 92' lang='lat' dir='ltr'><strong>sd</strong></span> <span class='ocrx_word' id='word_1_44' title='bbox 400 924 491 961; x_wconf 81' lang='lat' dir='ltr'><strong>norum</strong></span> <span class='ocrx_word' id='word_1_45' title='bbox 509 912 616 961; x_wconf 81' lang='lat' dir='ltr'><strong>formum</strong></span> <span class='ocrx_word' id='word_1_46' title='bbox 631 913 750 977; x_wconf 73' lang='lat' dir='ltr'><strong>lingeret,</strong></span> 
     </span>
     <span class='ocr_line' id='line_1_8' title="bbox 90 978 754 1058; baseline 0 -13"><span class='ocrx_word' id='word_1_47' title='bbox 90 978 384 1058; x_wconf 79' lang='lat' dir='ltr'><strong>soquoquequldq&#39;uidin</strong></span> <span class='ocrx_word' id='word_1_48' title='bbox 394 992 619 1043; x_wconf 81' lang='lat' dir='ltr'><strong>llineidonsrrstur</strong></span> <span class='ocrx_word' id='word_1_49' title='bbox 628 994 754 1055; x_wconf 82' lang='lat' dir='ltr'><strong>pertinere</strong></span> 
     </span>
     <span class='ocr_line' id='line_1_9' title="bbox 93 1070 753 1134; baseline 0 -9"><span class='ocrx_word' id='word_1_50' title='bbox 93 1073 167 1125; x_wconf 70' lang='lat' dir='ltr'><strong>rdrrit</strong></span> <span class='ocrx_word' id='word_1_51' title='bbox 176 1072 312 1134; x_wconf 77' lang='lat' dir='ltr'><strong>Virgilius,</strong></span> <span class='ocrx_word' id='word_1_52' title='bbox 323 1074 352 1121; x_wconf 92' lang='lat' dir='ltr'><strong>ut</strong></span> <span class='ocrx_word' id='word_1_53' title='bbox 360 1070 497 1132; x_wconf 73' lang='lat' dir='ltr'><strong>Troianum</strong></span> <span class='ocrx_word' id='word_1_54' title='bbox 507 1071 640 1134; x_wconf 87' lang='lat' dir='ltr'><strong>imperium</strong></span> <span class='ocrx_word' id='word_1_55' title='bbox 649 1074 676 1124; x_wconf 89' lang='lat' dir='ltr'><strong>ln</strong></span> <span class='ocrx_word' id='word_1_56' title='bbox 683 1077 753 1125; x_wconf 85' lang='lat' dir='ltr'><strong>Ilslis</strong></span> 
     </span>
     <span class='ocr_line' id='line_1_10' title="bbox 95 1150 754 1217; baseline 0.008 -17"><span class='ocrx_word' id='word_1_57' title='bbox 95 1153 253 1205; x_wconf 76' lang='lat' dir='ltr'><strong>mderetur.</strong></span> <span class='ocrx_word' id='word_1_58' title='bbox 263 1152 317 1200; x_wconf 84' lang='lat' dir='ltr'><strong>lloo</strong></span> <span class='ocrx_word' id='word_1_59' title='bbox 325 1163 404 1199; x_wconf 88' lang='lat' dir='ltr'><strong>unum</strong></span> <span class='ocrx_word' id='word_1_60' title='bbox 414 1151 464 1198; x_wconf 80' lang='lat' dir='ltr'><strong>tote</strong></span> <span class='ocrx_word' id='word_1_61' title='bbox 478 1150 584 1200; x_wconf 79' lang='lat' dir='ltr'><strong>AEneide</strong></span> <span class='ocrx_word' id='word_1_62' title='bbox 593 1153 687 1217; x_wconf 77' lang='lat' dir='ltr'><strong>sgllur3</strong></span> <span class='ocrx_word' id='word_1_63' title='bbox 698 1168 754 1217; x_wconf 82' lang='lat' dir='ltr'><strong>quae</strong></span> 
     </span>
     <span class='ocr_line' id='line_1_11' title="bbox 92 1229 753 1296; baseline 0.008 -18"><span class='ocrx_word' id='word_1_64' title='bbox 92 1232 194 1296; x_wconf 72' lang='lat' dir='ltr'><strong>qnldern</strong></span> <span class='ocrx_word' id='word_1_65' title='bbox 204 1229 324 1292; x_wconf 72' lang='lat' dir='ltr'><strong>propositi</strong></span> <span class='ocrx_word' id='word_1_66' title='bbox 333 1229 490 1291; x_wconf 75' lang='lat' dir='ltr'><strong>simplicitas,</strong></span> <span class='ocrx_word' id='word_1_67' title='bbox 500 1232 524 1279; x_wconf 86' lang='lat' dir='ltr'><strong>et</strong></span> <span class='ocrx_word' id='word_1_68' title='bbox 533 1233 753 1296; x_wconf 83' lang='lat' dir='ltr'><strong>rerumdiguitsle,</strong></span> 
     </span>
     <span class='ocr_line' id='line_1_12' title="bbox 90 1309 757 1367; baseline 0.004 -6"><span class='ocrx_word' id='word_1_69' title='bbox 90 1315 261 1361; x_wconf 59' lang='lat' dir='ltr'><strong>deventuum</strong></span> <span class='ocrx_word' id='word_1_70' title='bbox 269 1309 501 1367; x_wconf 75' lang='lat' dir='ltr'><strong>admirabilitate,et</strong></span> <span class='ocrx_word' id='word_1_71' title='bbox 509 1312 626 1361; x_wconf 87' lang='lat' dir='ltr'><strong>nurrundi</strong></span> <span class='ocrx_word' id='word_1_72' title='bbox 637 1314 757 1364; x_wconf 79' lang='lat' dir='ltr'><strong>verisimi-</strong></span> 
     </span>
     <span class='ocr_line' id='line_1_13' title="bbox 91 1386 600 1451; baseline -0.006 -8"><span class='ocrx_word' id='word_1_73' title='bbox 91 1386 232 1443; x_wconf 69' lang='lat' dir='ltr'><strong>dludineet</strong></span> <span class='ocrx_word' id='word_1_74' title='bbox 243 1389 397 1451; x_wconf 81' lang='lat' dir='ltr'><strong>jucunditate</strong></span> <span class='ocrx_word' id='word_1_75' title='bbox 405 1390 600 1440; x_wconf 81' lang='lat' dir='ltr'><strong>commendatur.</strong></span> 
     </span>
    </p>

    <p class='ocr_par' dir='ltr' id='par_1_4' title="bbox 123 1469 756 1533">
     <span class='ocr_line' id='line_1_14' title="bbox 123 1469 756 1533; baseline 0.006 -12"><span class='ocrx_word' id='word_1_76' title='bbox 123 1474 181 1523; x_wconf 79' lang='lat' dir='ltr'><strong>lloo</strong></span> <span class='ocrx_word' id='word_1_77' title='bbox 190 1472 273 1519; x_wconf 82' lang='lat' dir='ltr'><strong>sutem</strong></span> <span class='ocrx_word' id='word_1_78' title='bbox 281 1469 345 1519; x_wconf 88' lang='lat' dir='ltr'><strong>tunti</strong></span> <span class='ocrx_word' id='word_1_79' title='bbox 354 1469 449 1519; x_wconf 69' lang='lat' dir='ltr'><strong>consilii</strong></span> <span class='ocrx_word' id='word_1_80' title='bbox 463 1481 550 1532; x_wconf 85' lang='lat' dir='ltr'><strong>pooms</strong></span> <span class='ocrx_word' id='word_1_81' title='bbox 560 1471 620 1521; x_wconf 89' lang='lat' dir='ltr'><strong>dum</strong></span> <span class='ocrx_word' id='word_1_82' title='bbox 628 1474 756 1533; x_wconf 81' lang='lat' dir='ltr'><strong>scriberet,</strong></span> 
     </span>
    </p>
   </div>
   <div class='ocr_carea' id='block_1_3' title="bbox 97 1550 763 2091">
    <p class='ocr_par' dir='ltr' id='par_1_5' title="bbox 97 1550 763 2091">
     <span class='ocr_line' id='line_1_15' title="bbox 97 1550 757 1616; baseline 0.012 -19"><span class='ocrx_word' id='word_1_83' title='bbox 97 1565 128 1603; x_wconf 80' lang='lat' dir='ltr'><strong>no</strong></span> <span class='ocrx_word' id='word_1_84' title='bbox 134 1551 196 1615; x_wconf 85' lang='lat' dir='ltr'><strong>quid</strong></span> <span class='ocrx_word' id='word_1_85' title='bbox 205 1550 326 1612; x_wconf 85' lang='lat' dir='ltr'><strong>lmpelum</strong></span> <span class='ocrx_word' id='word_1_86' title='bbox 331 1551 483 1605; x_wconf 82' lang='lat' dir='ltr'><strong>moraretur,</strong></span> <span class='ocrx_word' id='word_1_87' title='bbox 493 1550 605 1612; x_wconf 71' lang='lat' dir='ltr'><strong>quodum</strong></span> <span class='ocrx_word' id='word_1_88' title='bbox 613 1553 757 1616; x_wconf 80' lang='lat' dir='ltr'><strong>imperleelu</strong></span> 
     </span>
     <span class='ocr_line' id='line_1_16' title="bbox 99 1629 757 1695; baseline 0.003 -13"><span class='ocrx_word' id='word_1_89' title='bbox 99 1631 212 1695; x_wconf 71' lang='lat' dir='ltr'><strong>mllquit3</strong></span> <span class='ocrx_word' id='word_1_90' title='bbox 223 1629 271 1679; x_wconf 84' lang='lat' dir='ltr'><strong>sliu</strong></span> <span class='ocrx_word' id='word_1_91' title='bbox 279 1629 527 1679; x_wconf 82' lang='lat' dir='ltr'><strong>levissimisrersibus</strong></span> <span class='ocrx_word' id='word_1_92' title='bbox 535 1632 709 1695; x_wconf 75' lang='lat' dir='ltr'><strong>lentumqussi</strong></span> <span class='ocrx_word' id='word_1_93' title='bbox 716 1635 757 1684; x_wconf 87' lang='lat' dir='ltr'><strong>de-</strong></span> 
     </span>
     <span class='ocr_line' id='line_1_17' title="bbox 97 1710 757 1772; baseline 0.005 -13"><span class='ocrx_word' id='word_1_94' title='bbox 97 1711 215 1769; x_wconf 76' lang='lat' dir='ltr'><strong>lineavit,</strong></span> <span class='ocrx_word' id='word_1_95' title='bbox 224 1723 286 1772; x_wconf 89' lang='lat' dir='ltr'><strong>quos</strong></span> <span class='ocrx_word' id='word_1_96' title='bbox 300 1722 345 1771; x_wconf 90' lang='lat' dir='ltr'><strong>per</strong></span> <span class='ocrx_word' id='word_1_97' title='bbox 353 1710 438 1771; x_wconf 89' lang='lat' dir='ltr'><strong>jooum</strong></span> <span class='ocrx_word' id='word_1_98' title='bbox 448 1722 495 1771; x_wconf 89' lang='lat' dir='ltr'><strong>pro</strong></span> <span class='ocrx_word' id='word_1_99' title='bbox 507 1710 590 1772; x_wconf 76' lang='lat' dir='ltr'><strong>tigillis</strong></span> <span class='ocrx_word' id='word_1_100' title='bbox 604 1724 633 1761; x_wconf 84' lang='lat' dir='ltr'><strong>so</strong></span> <span class='ocrx_word' id='word_1_101' title='bbox 649 1713 757 1762; x_wconf 86' lang='lat' dir='ltr'><strong>tibicini-</strong></span> 
     </span>
     <span class='ocr_line' id='line_1_18' title="bbox 97 1788 759 1853; baseline 0 -11"><span class='ocrx_word' id='word_1_102' title='bbox 97 1792 144 1842; x_wconf 84' lang='lat' dir='ltr'><strong>bus</strong></span> <span class='ocrx_word' id='word_1_103' title='bbox 155 1789 264 1853; x_wconf 87' lang='lat' dir='ltr'><strong>supponi</strong></span> <span class='ocrx_word' id='word_1_104' title='bbox 282 1801 296 1837; x_wconf 87' lang='lat' dir='ltr'><strong>u</strong></span> <span class='ocrx_word' id='word_1_105' title='bbox 315 1802 340 1837; x_wconf 88' lang='lat' dir='ltr'><strong>se</strong></span> <span class='ocrx_word' id='word_1_106' title='bbox 355 1788 452 1839; x_wconf 78' lang='lat' dir='ltr'><strong>dicebat</strong></span> <span class='ocrx_word' id='word_1_107' title='bbox 469 1788 501 1838; x_wconf 88' lang='lat' dir='ltr'><strong>sd</strong></span> <span class='ocrx_word' id='word_1_108' title='bbox 518 1790 668 1840; x_wconf 74' lang='lat' dir='ltr'><strong>fulciendum</strong></span> <span class='ocrx_word' id='word_1_109' title='bbox 682 1794 759 1842; x_wconf 81' lang='lat' dir='ltr'><strong>aedill-</strong></span> 
     </span>
     <span class='ocr_line' id='line_1_19' title="bbox 97 1869 760 1933; baseline 0 -11"><span class='ocrx_word' id='word_1_110' title='bbox 97 1873 183 1927; x_wconf 86' lang='lat' dir='ltr'><strong>eium,</strong></span> <span class='ocrx_word' id='word_1_111' title='bbox 191 1869 272 1919; x_wconf 83' lang='lat' dir='ltr'><strong>donee</strong></span> <span class='ocrx_word' id='word_1_112' title='bbox 281 1869 400 1918; x_wconf 81' lang='lat' dir='ltr'><strong>oolumnae</strong></span> <span class='ocrx_word' id='word_1_113' title='bbox 409 1869 567 1918; x_wconf 80' lang='lat' dir='ltr'><strong>advenirent.</strong></span> <span class='ocrx_word' id='word_1_114' title='bbox 579 1870 653 1932; x_wconf 88' lang='lat' dir='ltr'><strong>Quod</strong></span> <span class='ocrx_word' id='word_1_115' title='bbox 661 1872 760 1933; x_wconf 89' lang='lat' dir='ltr'><strong>quidem</strong></span> 
     </span>
     <span class='ocr_line' id='line_1_20' title="bbox 98 1948 763 2014; baseline 0.002 -13"><span class='ocrx_word' id='word_1_116' title='bbox 98 1964 163 2014; x_wconf 91' lang='lat' dir='ltr'><strong>opus</strong></span> <span class='ocrx_word' id='word_1_117' title='bbox 171 1948 289 1999; x_wconf 81' lang='lat' dir='ltr'><strong>truolurit</strong></span> <span class='ocrx_word' id='word_1_118' title='bbox 300 1961 344 2013; x_wconf 86' lang='lat' dir='ltr'><strong>per</strong></span> <span class='ocrx_word' id='word_1_119' title='bbox 353 1948 483 1998; x_wconf 82' lang='lat' dir='ltr'><strong>duodecim</strong></span> <span class='ocrx_word' id='word_1_120' title='bbox 496 1961 586 2004; x_wconf 79' lang='lat' dir='ltr'><strong>annos,</strong></span> <span class='ocrx_word' id='word_1_121' title='bbox 603 1948 700 1999; x_wconf 75' lang='lat' dir='ltr'><strong>abditus</strong></span> <span class='ocrx_word' id='word_1_122' title='bbox 710 1952 763 2001; x_wconf 84' lang='lat' dir='ltr'><strong>lere</strong></span> 
     </span>
     <span class='ocr_line' id='line_1_21' title="bbox 100 2027 762 2091; baseline 0 -10"><span class='ocrx_word' id='word_1_123' title='bbox 100 2042 202 2081; x_wconf 81' lang='lat' dir='ltr'><strong>smoeno</strong></span> <span class='ocrx_word' id='word_1_124' title='bbox 221 2029 312 2091; x_wconf 79' lang='lat' dir='ltr'><strong>purtim</strong></span> <span class='ocrx_word' id='word_1_125' title='bbox 333 2028 486 2090; x_wconf 73' lang='lat' dir='ltr'><strong>Campanis,</strong></span> <span class='ocrx_word' id='word_1_126' title='bbox 506 2027 597 2089; x_wconf 79' lang='lat' dir='ltr'><strong>partim</strong></span> <span class='ocrx_word' id='word_1_127' title='bbox 616 2027 706 2080; x_wconf 82' lang='lat' dir='ltr'><strong>Sieiliae</strong></span> <span class='ocrx_word' id='word_1_128' title='bbox 724 2046 762 2081; x_wconf 82' lang='lat' dir='ltr'><strong>ss-</strong></span> 
     </span>
    </p>
   </div>
   <div class='ocr_carea' id='block_1_4' title="bbox 100 2124 763 2255">
    <p class='ocr_par' dir='ltr' id='par_1_6' title="bbox 100 2124 763 2255">
     <span class='ocr_line' id='line_1_22' title="bbox 100 2124 763 2255; baseline 0 -14"><span class='ocrx_word' id='word_1_129' title='bbox 100 2124 216 2241; x_wconf 52' lang='grc' dir='ltr'><strong>Ὓαιυία</strong></span> <span class='ocrx_word' id='word_1_130' title='bbox 225 2189 273 2238; x_wconf 83' lang='lat' dir='ltr'><strong>luit</strong></span> <span class='ocrx_word' id='word_1_131' title='bbox 285 2194 348 2237; x_wconf 82' lang='lat' dir='ltr'><strong>leurs</strong></span> <span class='ocrx_word' id='word_1_132' title='bbox 359 2188 400 2238; x_wconf 79' lang='lat' dir='ltr'><strong>rix</strong></span> <span class='ocrx_word' id='word_1_133' title='bbox 409 2187 530 2237; x_wconf 73' lang='lat' dir='ltr'><strong>donoalo</strong></span> <span class='ocrx_word' id='word_1_134' title='bbox 536 2186 666 2248; x_wconf 80' lang='lat' dir='ltr'><strong>AEueidos,</strong></span> <span class='ocrx_word' id='word_1_135' title='bbox 677 2194 705 2240; x_wconf 87' lang='lat' dir='ltr'><strong>ul</strong></span> <span class='ocrx_word' id='word_1_136' title='bbox 712 2192 763 2255; x_wconf 82' lang='lat' dir='ltr'><strong>jum</strong></span> 
     </span>
    </p>
   </div>
   <div class='ocr_carea' id='block_1_5' title="bbox 101 2266 763 2413">
    <p class='ocr_par' dir='ltr' id='par_1_7' title="bbox 101 2266 763 2413">
     <span class='ocr_line' id='line_1_23' title="bbox 101 2266 763 2330; baseline -0.005 -8"><span class='ocrx_word' id='word_1_137' title='bbox 101 2274 158 2321; x_wconf 87' lang='lat' dir='ltr'><strong>lum</strong></span> <span class='ocrx_word' id='word_1_138' title='bbox 178 2269 268 2321; x_wconf 80' lang='lat' dir='ltr'><strong>Serius</strong></span> <span class='ocrx_word' id='word_1_139' title='bbox 288 2268 432 2330; x_wconf 82' lang='lat' dir='ltr'><strong>Propertius</strong></span> <span class='ocrx_word' id='word_1_140' title='bbox 449 2266 636 2327; x_wconf 78' lang='lat' dir='ltr'><strong>exclamaverit,</strong></span> <span class='ocrx_word' id='word_1_141' title='bbox 662 2270 706 2320; x_wconf 89' lang='lat' dir='ltr'><strong>lib.</strong></span> <span class='ocrx_word' id='word_1_142' title='bbox 725 2273 763 2328; x_wconf 86' lang='lat' dir='ltr'><strong>ll,</strong></span> 
     </span>
     <span class='ocr_line' id='line_1_24' title="bbox 102 2349 332 2413; baseline -0.013 -14"><span class='ocrx_word' id='word_1_143' title='bbox 102 2352 169 2413; x_wconf 82' lang='lat' dir='ltr'><strong>eleg.</strong></span> <span class='ocrx_word' id='word_1_144' title='bbox 180 2362 241 2406; x_wconf 82' lang='lat' dir='ltr'><strong>ur,</strong></span> <span class='ocrx_word' id='word_1_145' title='bbox 252 2361 277 2396; x_wconf 82' lang='lat' dir='ltr'><strong>v.</strong></span> <span class='ocrx_word' id='word_1_146' title='bbox 287 2349 332 2397; x_wconf 83' lang='lat'><strong>65:</strong></span> 
     </span>
    </p>
   </div>
   <div class='ocr_carea' id='block_1_6' title="bbox 199 2514 653 2642">
    <p class='ocr_par' dir='ltr' id='par_1_8' title="bbox 199 2514 653 2642">
     <span class='ocr_line' id='line_1_25' title="bbox 199 2514 653 2561; baseline 0 -9"><span class='ocrx_word' id='word_1_147' title='bbox 199 2516 275 2560; x_wconf 69' lang='lat' dir='ltr'><strong>studiis,</strong></span> <span class='ocrx_word' id='word_1_148' title='bbox 286 2515 369 2554; x_wconf 79' lang='lat' dir='ltr'><strong>llomuul</strong></span> <span class='ocrx_word' id='word_1_149' title='bbox 375 2514 489 2561; x_wconf 77' lang='lat' dir='ltr'><strong>scriptores.</strong></span> <span class='ocrx_word' id='word_1_150' title='bbox 498 2514 573 2559; x_wconf 81' lang='lat' dir='ltr'><strong>cedite,</strong></span> <span class='ocrx_word' id='word_1_151' title='bbox 581 2515 634 2552; x_wconf 78' lang='lat' dir='ltr'><strong>ordii</strong></span> <span class='ocrx_word' id='word_1_152' title='bbox 647 2527 653 2552; x_wconf 75' lang='lat' dir='ltr'><strong>r</strong></span> 
     </span>
     <span class='ocr_line' id='line_1_26' title="bbox 223 2574 588 2642; baseline 0.011 -28"><span class='ocrx_word' id='word_1_153' title='bbox 223 2577 290 2614; x_wconf 67' lang='lat' dir='ltr'><strong>desolo</strong></span> <span class='ocrx_word' id='word_1_154' title='bbox 297 2575 413 2623; x_wconf 77' lang='lat' dir='ltr'><strong>ouidmulus</strong></span> <span class='ocrx_word' id='word_1_155' title='bbox 420 2574 508 2642; x_wconf 69' lang='lat' dir='ltr'><strong>nuscitur</strong></span> <span class='ocrx_word' id='word_1_156' title='bbox 518 2575 588 2618; x_wconf 82' lang='lat' dir='ltr'><strong>illude.</strong></span> 
     </span>
    </p>
   </div>
   <div class='ocr_carea' id='block_1_7' title="bbox 685 2686 709 2729">
    <p class='ocr_par' dir='ltr' id='par_1_9' title="bbox 685 2686 709 2729">
     <span class='ocr_line' id='line_1_27' title="bbox 685 2686 709 2729; baseline 0 0"><span class='ocrx_word' id='word_1_157' title='bbox 685 2686 709 2729; x_wconf 79' lang='lat'><strong>2.</strong></span> 
     </span>
    </p>
   </div>
   <div class='ocr_carea' id='block_1_8' title="bbox 0 0 848 2964">
    <p class='ocr_par' dir='ltr' id='par_1_10' title="bbox 0 0 848 2964">
     <span class='ocr_line' id='line_1_28' title="bbox 0 0 848 2964; baseline 0 0"><span class='ocrx_word' id='word_1_158' title='bbox 0 0 848 2964; x_wconf 95' lang='lat' dir='ltr'><strong> </strong></span> 
     </span>
    </p>
   </div>
  </div>
 </body>
</html>
