1666 2964
48 535 96 577 600
310 534 393 577 unua
409 535 457 577 ΧΙΙ.
679 537 718 578 tat

48 628 129 678 Quam
135 622 222 668 eisdem
229 622 316 667 miserae
323 625 444 679 postquam
453 622 565 678 adcepere
574 621 673 665 Latina:

49 695 113 739 Filia
121 694 195 750 prima
204 705 273 738 manu
281 693 351 739 iiavos
359 693 451 737 Lavinia
461 693 548 746 crines,

50 769 82 810 ut
91 775 169 810 roseas
176 765 259 809 laniata
268 774 348 814 aenas,
358 767 405 808 tum
415 766 491 808 cetera
499 763 585 808 circum

51 836 132 880 Turba
141 866 147 886 ‚
156 833 222 884 iurita
232 839 339 878 resonant
346 833 392 879 late
400 834 546 890 plangoribus
555 832 623 878 aedes.

51 907 116 952 Hine
127 909 198 951 totam
208 904 285 950 iuieiix
291 905 395 960 vulgatur
402 904 461 950 iama
469 917 510 961 per
516 905 605 950 urbem.

51 977 188 1022 Demittunt
195 979 294 1026 mentesa
304 976 323 1018 it
330 977 397 1020 saissa
408 979 470 1022 veste
479 976 584 1025 Latinus.

52 1048 165 1103 conjugis
172 1047 286 1092 adtonitus
294 1046 355 1099 tatis,
363 1049 472 1104 urbisque
482 1049 559 1097 ruina.

51 1119 170 1163 canitiem
178 1118 295 1162 immundo
304 1117 417 1173 pertusam
424 1119 517 1175 pulvere
526 1120 619 1175 turpans
627 1132 633 1168 ς

53 1189 185 1245 (stultaque
193 1200 217 1233 se
226 1188 329 1242 incusat,
339 1188 377 1244 qui
386 1199 434 1232 neu
443 1187 558 1246 adceperit
564 1191 617 1232 aute

53 1259 199 1304 Dardanium
209 1262 294 1302 AEuean
301 1290 308 1308 ‚
316 1270 470 1314 generumque
478 1257 599 1303 adsciverit
607 1258 687 1309 ultro).

85 1328 177 1373 interea
185 1330 285 1373 extremo
292 1328 388 1373 bellator
395 1329 418 1371 in
428 1340 518 1384 aqueae
527 1333 615 1374 turnus

56 1401 165 1445 Palantes
173 1400 273 1456 sequitur
282 1412 377 1456 paucos.
386 1402 433 1455 jam
439 1403 538 1456 segnior,
546 1407 613 1459 atque

59 1472 113 1513 sam
122 1471 198 1514 miuus
207 1472 274 1526 atque
282 1471 357 1514 minus
364 1481 467 1516 successu
477 1473 541 1516 latus
551 1482 669 1529 aquatum.

61 1539 150 1584 Adtulit
157 1541 218 1584 hunc
225 1541 259 1585 ilii
268 1542 333 1586 ceeia
339 1541 463 1587 terroribus
470 1554 525 1588 aura

62 1611 215 1655 commixtum
226 1612 362 1661 clamorem.
373 1611 519 1669 adrectasque
528 1614 617 1672 impulit
624 1625 689 1658 aures

60 1682 168 1726 confusae
174 1694 243 1727 sonus
251 1684 314 1727 urbis
321 1687 344 1729 et
349 1682 463 1728 iiiaetabiie
470 1696 581 1729 murmur.

61 1770 71 1794 ι
85 1755 131 1799 Hei
140 1753 209 1799 mihi!
219 1755 272 1810 quid
281 1758 344 1800 tauto
354 1755 472 1800 turbantur
482 1757 566 1800 mtrnia
574 1756 651 1800 luctu?

61 1825 148 1879 Quisve
153 1825 200 1869 ruit
208 1828 283 1870 tantus
292 1825 383 1870 diversa
390 1828 476 1871 elamor
483 1825 511 1870 ab
518 1826 592 1870 urbe?
601 1842 611 1867 »

90 1899 129 1942 sic
139 1899 183 1951 ait,
192 1886 340 1952 adductisque
348 1911 426 1944 amens
434 1897 531 1942 substitit
539 1896 641 1942 habenis.

61 1970 140 2022 atque
147 1967 215 2017 huic,
225 1968 250 2011 in
259 1966 339 2013 taciem
347 1980 412 2012 soror
418 1971 444 2011 ut
451 1978 560 2012 conversa
568 1966 652 2011 Metisci

62 2038 168 2091 Auriga.
177 2049 314 2093 currumque
323 2043 345 2082 et
355 2049 424 2093 equus
434 2041 457 2081 et
465 2038 512 2081 iura
521 2035 624 2090 regebat,

62 2110 158 2154 Talibus
166 2110 264 2154 occurrit
272 2108 350 2155 diutiss
361 2122 370 2148 ι
380 2112 427 2152 Hac
436 2111 536 2158 ,Turne
546 2119 667 2162 sequamur

63 2180 218 2235 Troiugenas.
231 2192 275 2236 qua
284 2180 356 2237 prima
367 2178 426 2222 viam
436 2179 531 2223 victoria
540 2178 633 2234 pandit3

64 2251 125 2292 sunt
131 2247 180 2297 alii,
189 2248 228 2304 qui
237 2251 296 2294 tecta
304 2260 373 2292 mauu
383 2247 506 2294 deiendere
514 2247 609 2303 possint.

66 2319 161 2374 ingruit
169 2322 249 2365 AEneas
259 2319 331 2368 italis.
341 2322 366 2363 et
373 2319 452 2374 praelia
460 2318 553 2367 miscus

66 2390 98 2432 ut
105 2399 148 2433 uos
156 2400 216 2433 sava
226 2399 293 2432 ntauu
303 2389 418 2434 mittamus
427 2387 505 2433 iunera
515 2387 616 2433 Teucris.

66 2463 116 2507 Nee
124 2472 220 2506 numero
228 2460 329 2510 interior.
338 2472 420 2518 pugttae
426 2471 469 2505 nee
477 2459 565 2505 honore
573 2489 579 2508 .
588 2456 687 2503 recedes
697 2473 707 2496 a

68 2536 160 2577 'sumus
168 2531 197 2576 ad
207 2532 270 2576 hac:

71 2618 81 2642 ι
90 2605 110 2645 0
116 2614 189 2653 seror.
199 2606 222 2648 et
229 2602 314 2647 dudum
323 2634 329 2652 .
338 2602 447 2657 adgnovi.
458 2612 529 2658 quum
535 2599 607 2656 prima
615 2611 656 2658 per
664 2602 735 2645 artem

70 2671 166 2719 Foedera
173 2673 280 2722 turbasti.
289 2674 356 2729 teque
362 2671 412 2716 haec
418 2672 443 2716 iu
452 2670 511 2716 bella
518 2669 612 2719 dedistiz
