1666 2964
120 190 157 228 tlt
387 186 515 226 AENEIDOS
744 186 783 228 W

122 277 199 326 Regna
210 272 369 321 Liburnorum,
377 274 401 315 et
411 269 496 315 iontem
504 280 611 327 superare
617 270 718 318 limeum

120 341 184 385 Unde
196 353 236 398 per
245 352 286 385 ora
294 352 378 386 noveru
387 343 451 385 vasto
460 350 514 386 eum
521 350 639 384 murmure
647 341 734 384 montis

119 415 212 457 limare
220 415 365 468 proruptum,
373 415 397 457 et
406 411 488 467 pelago
498 411 581 468 premit
589 422 645 455 arra
652 412 760 456 sonunt:

121 484 164 528 Hic
171 485 247 529 tamen
256 484 294 529 ille
301 483 382 528 urbem
391 483 475 532 Patavi.
483 484 591 538 sequue
598 483 684 529 locavit

121 556 268 604 Teucrorum.
278 558 302 599 et
308 554 371 608 genti
381 564 466 598 nomen
476 553 663 608 deditumque
672 551 723 598 duit

121 626 201 675 Trota3
212 637 274 673 nuno
279 625 367 682 placida
373 630 505 683 compositu
513 635 569 680 paee
577 625 680 680 quiescit.

123 697 177 746 Nos.
185 701 223 740 tua
229 697 356 753 progenies,
365 696 416 740 ooeli
423 695 504 751 qulbus
512 695 592 740 adnuis
601 705 686 746 mrem.

124 766 221 810 Navibus
230 765 379 819 (intendunt)
389 767 484 816 amissis,
494 767 560 811 nnius
568 765 598 810 ob
605 766 664 810 iram

124 835 329 892 unanimumque
339 838 399 882 ltalis
407 837 474 893 longe
482 836 632 892 disiungimur
640 837 696 881 oris.

126 908 169 952 llio
177 907 265 963 pietatis
274 907 360 952 honos?
369 908 402 953 sic
412 919 454 952 nos
465 908 489 951 in
497 909 587 963 sceptu-a
594 907 702 964 reponis?
713 922 724 948 ι

152 977 196 1020 Olli
202 976 320 1022 subsidens
327 977 446 1022 hominnm
452 979 515 1022 sator
523 979 591 1034 atque
597 976 695 1022 deorum

127 1047 204 1096 vultu,
212 1049 347 1104 quoooelum
352 1050 541 1105 tempestatesque
550 1051 647 1101 serenat,

127 1117 209 1162 oscula
217 1118 295 1163 libavit
303 1123 374 1169 natae:
383 1118 467 1164 deliine
474 1120 528 1164 talia
536 1119 610 1163 tumr:

157 1203 167 1228 ι
176 1191 247 1234 Parce
256 1191 325 1240 metu,
333 1190 443 1244 cytherea
453 1205 459 1233 t
467 1191 562 1234 manent
570 1190 665 1233 immota
672 1192 767 1234 tomum

132 1263 188 1304 Fata
195 1260 247 1312 tlhi3
258 1271 338 1306 cernes
345 1261 425 1306 urbem
432 1264 455 1306 et
464 1262 574 1318 promissa
582 1259 661 1304 lavim

129 1330 219 1380 ltmnla,
227 1331 392 1388 sublimemque
401 1331 460 1376 feres
467 1331 496 1375 ad
503 1331 578 1376 sidera
584 1330 639 1374 omli

130 1401 300 1457 Magnanimum
309 1405 407 1451 AEneam
421 1414 494 1458 noque
503 1412 540 1446 me
548 1401 660 1446 sententia
665 1399 741 1445 vert!

132 1472 175 1517 Hic
184 1473 234 1523 (tibi
241 1472 306 1517 labor
315 1474 384 1520 enirn,
394 1474 485 1530 quando
493 1472 542 1518 hac
550 1474 573 1516 te
580 1482 636 1517 cura
644 1468 766 1518 mmortbt,

132 1542 232 1596 Longius
239 1545 262 1586 et
268 1541 361 1586 volvens
368 1541 466 1586 latorum
474 1553 556 1586 arcana
561 1540 668 1596 movebo)

133 1612 222 1656 Bellum
231 1613 311 1666 ingens
317 1615 381 1667 geret
390 1613 463 1662 ltalia.
471 1611 613 1668 populosque
622 1610 712 1658 feroces

133 1680 275 1732 contundet3
285 1693 404 1737 moresque
412 1682 467 1727 viris
475 1684 498 1727 et
507 1683 592 1726 incenia
597 1685 677 1738 ponet,

133 1752 208 1796 Tertia
215 1751 269 1795 dum
277 1752 342 1795 Latio
349 1756 482 1806 regnantem
489 1752 572 1797 viderit
578 1755 650 1802 muas,

135 1825 252 1878 Ternaqne
261 1823 391 1867 transierint
400 1823 487 1866 Rutulis
497 1822 592 1867 hiberna
599 1822 707 1868 urbaetls.

136 1895 166 1935 nt
174 1904 231 1949 puer
241 1893 358 1941 Asemdns.
366 1892 402 1936 cnl
412 1904 474 1937 nuno
481 1904 609 1948 cognomen
616 1894 666 1938 litlo

136 1961 233 2007 Additur
241 1964 295 2014 (llus
304 1964 360 2013 erat,
370 1962 425 2006 dum
436 1974 470 2006 res
479 1964 540 2008 stetit
546 1963 587 2008 llia
595 1965 683 2018 regno).

138 2033 241 2086 Triginta
249 2045 343 2088 magnos
352 2032 469 2078 volvendis
478 2033 593 2078 mensibus
603 2033 670 2078 othei

139 2102 237 2158 Imperio
244 2105 348 2160 explebit.
358 2115 499 2160 regnumque
508 2105 536 2149 ab
543 2104 597 2148 sede
605 2105 687 2148 Lavini

139 2173 273 2232 Transieret
283 2177 307 2218 et
313 2177 405 2230 longam
411 2176 483 2219 multa
491 2175 515 2219 ti
524 2175 612 2220 muniet
620 2174 710 2220 Alliam.

141 2245 233 2299 lliejarn
242 2250 276 2291 ter
285 2250 376 2291 centnm
384 2250 443 2291 totos
451 2246 582 2301 regnabitur
587 2257 661 2290 annos

69 2314 73 2333 '
142 2319 214 2361 (lente
223 2317 264 2361 sub
274 2320 398 2366 Hectorea:
408 2317 483 2362 donee
492 2319 571 2372 regina
579 2317 685 2375 saeerdos

142 2542 278 2600 A
