1666 2964
121 157 159 197 tut
387 153 519 194 AExEtnus
765 155 788 194 δῦ

119 246 176 285 Nam
184 241 311 294 Polydorus
319 253 371 294 ego·
383 241 424 283 Hic
433 238 546 282 confixum
553 238 627 283 terrea
637 241 693 285 lenit

121 314 227 356 Telorum
237 322 311 365 seges,
322 310 432 365 etjaculie
440 309 539 354 increvit
548 308 643 352 acutia.»

145 386 203 425 Tmn
213 393 267 426 vero
276 382 370 439 ancipiti
379 385 479 426 mentem
489 378 610 423 lormidlne
617 390 709 436 precene

120 454 244 511 Obstupui,
256 455 412 508 steteruntque
420 463 505 500 comae.
514 455 538 496 et
546 462 591 495 vox
598 449 703 496 laeuone
711 451 785 497 hait.

118 528 185 568 llunc
195 524 336 580 Polydorum
345 524 395 568 anri
406 521 522 578 quondam
529 532 583 566 cum
593 521 790 580 ponderamgno

118 593 198 640 lnlelii
208 595 312 638 Priamus
321 593 399 636 lurtim
406 592 526 637 mandarat
533 591 641 637 dandum

119 664 223 711 Threicio
232 665 293 720 regi,
304 675 377 720 quum
382 665 430 717 jam
437 661 549 708 dillideret
559 664 628 708 armie

117 735 249 784 Dardaniae.
259 735 364 790 cingique
371 734 451 778 urbem
458 733 681 781 oheldlonevideret.

118 806 170 857 llle,
182 810 208 850 ut
216 816 272 860 opes
281 803 357 848 lractae
366 803 478 849 Teucrum
486 836 492 856 ,
500 807 524 849 et
533 806 634 849 Fortuna
642 806 750 854 roumalt.

118 880 160 920 lies
168 875 356 931 Agamemnoniae
364 874 510 930 victriciaque
518 886 581 919 amna
588 877 693 926 semitm,

118 951 160 991 Pas
167 958 235 991 omne
242 947 368 1003 abromum
378 945 521 1000 Polydorum
530 945 649 992 obtruncat
657 977 665 1000 ‚
672 949 697 990 et
705 957 765 991 auro

121 1019 145 1060 vi
157 1019 252 1074 putitiu.
259 1017 319 1071 Quid
328 1028 376 1061 non
385 1017 488 1061 mortalia
497 1019 590 1072 pectora
598 1015 673 1071 cosle.

120 1089 175 1133 Auri
184 1088 340 1134 sacratamee?
349 1089 472 1145 Postquam
480 1098 553 1144 paror
559 1099 609 1132 oasa
619 1087 728 1144 reliquit,

123 1158 228 1202 Deiectus
240 1159 317 1214 populi
330 1157 359 1201 ad
368 1168 490 1214 proceres.
500 1157 645 1214 ndmumque
654 1160 787 1213 perenm.

125 1231 225 1272 Monstra
232 1227 300 1272 deum
309 1228 383 1272 relero
391 1243 398 1277 t
406 1231 443 1279 et,
452 1238 503 1283 qum
511 1227 541 1271 eit
550 1227 664 1271 sententia
673 1260 680 1277 ,
689 1238 769 1284 posco.

121 1299 232 1342 omnibus
243 1297 303 1342 idem
310 1299 414 1353 animus,
425 1299 534 1342 scelerata
543 1295 651 1342 excedere
658 1298 737 1349 terrai

120 1369 203 1425 linqui
212 1368 323 1426 pollutum
332 1368 462 1424 hospitium,
473 1372 496 1413 et
504 1368 559 1413 dare
568 1367 677 1412 elmuinus
688 1371 788 1414 dueum.

121 1443 180 1494 Ergo
188 1439 339 1483 instauramus
346 1439 461 1495 Polydoro
470 1437 539 1482 lunue
548 1470 554 1488 ,
563 1437 676 1494 elingens

122 1511 246 1566 adgeritur
255 1511 344 1554 tinnulo
352 1509 420 1554 tellm
429 1527 435 1552 ε
445 1513 506 1554 stant
516 1508 620 1554 Manibus
627 1518 688 1562 aru,

120 1582 226 1626 caeruleis
234 1583 320 1625 moestae
328 1580 390 1625 vittis
397 1584 491 1637 atraque
500 1589 620 1636 cupreum

120 1656 148 1696 Et
155 1654 241 1698 circum
248 1651 338 1702 Iliades,
350 1653 438 1698 crinem
446 1651 477 1695 de
486 1663 550 1696 more
557 1651 647 1695 solutae.

123 1723 241 1769 tulerimus
249 1723 327 1781 tepido
333 1722 462 1778 spumantia
473 1722 561 1777 cymbia
568 1722 641 1770 lacte,

124 1796 242 1851 sanguinis
251 1799 274 1840 et
284 1796 341 1840 sacri
351 1796 452 1850 pateram
462 1793 607 1848 animamque
620 1790 735 1847 sepulcro

121 1867 245 1911 condimus
252 1898 259 1918 ,
265 1870 289 1911 et
297 1877 380 1920 magna
387 1874 517 1921 supremum
526 1873 583 1907 voce
589 1862 683 1908 ciemus.

149 1937 219 1989 lude,
231 1938 269 1982 ubi
278 1938 351 1995 prima
360 1934 416 1981 fides
422 1934 504 1992 pelago
513 1967 519 1984 ‚
528 1935 663 1990 placataque
672 1932 737 1977 venti

124 2010 276 2062 nummaria,
285 2011 308 2052 et
318 2008 370 2052 lene
381 2007 496 2063 crepitans
503 2006 570 2048 vocat
580 2005 664 2047 Auster
671 2003 696 2045 ln
706 2003 793 2052 altum,

124 2077 246 2123 Deducunt
257 2079 314 2124 socii
323 2090 400 2128 naves,
412 2081 436 2122 et
445 2076 512 2119 litora
519 2073 643 2130 complent.

126 2148 276 2194 Provehimur
285 2154 367 2206 portu:
379 2153 490 2202 terraeque
498 2145 610 2200 urbemque
619 2142 738 2190 recedunt.

124 2221 190 2262 Sacra
200 2218 256 2261 mari
264 2219 347 2263 colitur
353 2218 428 2262 medio
436 2215 562 2271 gratissima
570 2213 637 2258 tellus

126 2287 249 2332 Nereidum
259 2289 337 2342 matri,
347 2292 370 2333 et
380 2289 486 2343 Neptuno
495 2289 569 2340 Quo
580 2301 587 2326 ι
