1666 2964
211 236 221 247 t

50 399 93 441 oie
316 399 400 441 liliola
415 400 453 441 lli.
676 401 712 441 2ll

51 488 157 542 Paupere
167 483 337 541 (memissetoue
343 486 431 529 utinam
437 488 537 531 Fortuna
543 488 559 538 l)
568 487 690 544 proiectus.

52 557 96 602 ilic
105 567 151 606 me,
162 554 217 599 dum
224 556 306 615 trepidi
313 556 416 602 crudelia
424 557 503 602 liuline
510 557 624 614 linquunt.

50 632 201 672 lmusemores
207 627 263 672 socii
270 630 335 672 vasto
341 627 447 684 cyclopis
455 628 480 671 in
489 631 556 673 antro

52 702 187 744 Deseruere.
196 701 280 743 nonius
288 698 349 743 sanie
358 698 499 756 dapibusque
506 699 613 750 emenus,

53 771 117 814 inlus
124 780 205 826 opaca,
215 769 301 824 ingens.
310 772 360 825 lpse
366 769 456 820 arduus,
465 769 553 825 altaque
560 770 635 826 pulsat

55 842 131 886 Sidera
138 841 186 896 (nl,
196 841 265 886 talem
275 842 340 886 terris
349 843 443 887 avertite
451 843 559 897 peremi)
573 856 579 885 ι

55 914 100 957 ileo
107 913 159 956 visu
167 910 248 958 lacilis.
256 921 298 955 nec
307 910 369 955 diclu
378 910 480 956 adfabilis
486 912 536 956 ulli.

55 983 183 1028 visceribus
191 983 325 1027 miserorum
332 986 354 1026 el
360 984 470 1038 sanguine
479 983 576 1028 vescitur
584 984 641 1028 atro.

55 1053 107 1098 vidi
114 1057 214 1110 egomet.
223 1053 269 1098 duo
275 1052 304 1099 de
312 1064 408 1097 numero
416 1066 486 1110 quum
494 1065 590 1110 corpora
602 1056 691 1101 nostro.

57 1128 141 1169 Prema
150 1135 221 1167 manu
230 1133 312 1179 magna
321 1123 396 1167 medio
403 1126 522 1179 resupinus
530 1125 554 1167 ln
564 1128 630 1168 antro

59 1196 180 1251 Frangeret
188 1193 217 1237 ad
226 1204 312 1242 saxum,
320 1193 426 1248 sanieque
435 1204 537 1250 essperia
545 1196 650 1239 natarent
693 1204 696 1209 ·

63 1264 159 1315 liuline:
170 1263 227 1313 vidi,
236 1267 286 1308 atro
293 1275 363 1319 quum
370 1265 472 1308 membra
480 1263 571 1309 liuentia
579 1266 632 1310 labo

63 1334 182 1384 arroderet.
191 1336 215 1377 et
221 1333 292 1390 tepidi
299 1337 423 1379 tremerent
430 1335 472 1378 sul)
479 1333 583 1379 dentibus
589 1337 657 1380 crtus.

62 1403 125 1449 llaod
131 1405 229 1460 impune
237 1404 337 1459 quidem.
348 1408 394 1449 Nec
401 1405 456 1450 lalia
465 1416 542 1460 passus
552 1405 631 1457 Ulixes,

60 1472 180 1517 oblitusve
190 1472 224 1516 sui
233 1476 267 1518 cst
274 1472 364 1518 Ithacus
373 1473 502 1521 discrimine
511 1478 588 1526 tantm

60 1544 117 1587 Nam
123 1543 204 1595 simul,
210 1543 312 1599 expletus
319 1541 422 1599 dapibus,
431 1544 529 1600 vinoque
537 1545 646 1602 sepultus,

60 1615 180 1660 cervicem
187 1613 290 1659 inllexem
297 1615 502 1671 posuit.jacoilque
509 1628 550 1672 per
557 1620 648 1661 anirum

60 1688 197 1735 immensus,
204 1686 290 1730 saniem
298 1688 402 1730 eructans
411 1696 437 1730 ac
445 1684 513 1730 lrusla
521 1688 617 1732 cruento

62 1757 347 1802 Persomnumcommixia
355 1767 433 1800 mero:
444 1767 492 1806 nos,
501 1767 582 1811 magna
590 1758 675 1814 precati

64 1827 172 1876 illumina.
180 1827 298 1882 sortitique
309 1828 378 1876 vices,
386 1838 431 1871 una
440 1827 541 1882 undique
549 1827 637 1871 circmu

63 1896 199 1945 Fundimur.
210 1899 233 1941 et
241 1897 287 1941 telo
296 1898 374 1942 lumen
382 1897 520 1942 terebramus
531 1900 599 1941 acuto

64 1969 158 2023 lugens,
166 1966 229 2023 quod
238 1970 301 2011 torva
310 1967 386 2011 solum
398 1968 439 2011 sub
449 1965 524 2010 lronte
533 1966 625 2019 latebat,

66 2036 172 2093 Argolici
181 2036 257 2092 clypei
264 2040 303 2082 aut
310 2037 414 2082 thbeae
424 2037 534 2092 lampadis
546 2037 631 2089 iustam

64 2111 93 2152 et
100 2108 196 2153 taudem
204 2108 250 2152 leti
262 2109 376 2154 sociorum
385 2109 518 2155 ulciscimur
526 2109 627 2153 umbros.

66 2180 110 2225 sed
118 2178 198 2234 lugite.
206 2190 221 2223 o
228 2180 312 2230 miseri,
323 2177 406 2236 fugile:
416 2183 484 2236 atque
492 2179 521 2223 ab
530 2179 598 2223 litore
605 2179 681 2224 luuem

68 2251 187 2308 Rumpile.

68 2326 137 2373 diam.
147 2322 220 2379 qualis
230 2324 371 2379 quantusque
378 2334 435 2368 cavo
442 2323 593 2380 Polyphemus
600 2322 624 2366 iu
631 2326 697 2367 antro
773 2348 777 2357 ·

69 2393 192 2447 muigeras
199 2391 283 2436 claudii
290 2392 395 2450 pecudes.
405 2397 472 2449 atque
480 2393 549 2438 ubera
557 2397 649 2450 pressat,

70 2469 170 2511 centum
179 2464 218 2509 alii
226 2476 294 2509 curva
302 2465 350 2510 haec
358 2465 460 2509 habitant
467 2465 495 2510 ad
503 2465 645 2520 lilorauulgo

72 2535 164 2583 lelandi
171 2537 289 2594 cyclopes,
296 2540 320 2582 et
326 2537 376 2582 allis
385 2536 500 2582 montibus
508 2539 591 2582 errant.
