1666 2964
95 176 132 216 tia
341 179 504 219 tEEORGICON
712 181 753 220 ins

94 267 176 305 terum
184 263 222 306 ubi
231 269 363 319 correpturi
372 263 474 306 manibus
483 264 608 318 vinciisque
615 266 716 317 tenebis,

92 335 149 375 turn
160 332 227 375 rariae
234 331 327 377 eludent
336 332 424 387 species
434 336 502 388 atque
509 342 549 375 ora
556 331 666 377 terarum.

92 403 140 447 Fiet
149 403 209 448 enirn
218 403 294 448 subito
302 415 340 448 sus
347 403 466 453 horridus,
477 407 568 459 atraque
579 403 656 459 tigris.

90 477 270 531 squamosusque
279 473 354 523 draca
367 478 390 519 et
398 474 458 519 iulia
466 475 643 526 eerviceieaenar

90 548 136 589 Aut
146 556 222 589 acreru
231 544 327 589 flammae
336 546 436 588 sonitum
445 546 516 596 dabit,
525 548 593 601 atque
602 547 635 590 its
644 547 727 590 vinclis

89 615 192 666 Excidet,
203 619 242 660 aut
250 616 275 659 in
283 627 352 671 aquas
361 619 440 660 tenues
448 615 547 672 dilapsus
557 617 636 661 abibit.

89 686 145 737 seii.
157 691 243 743 quanto
253 683 289 730 ilie
298 687 368 742 magis
378 685 461 731 formas
469 699 493 730 se
501 691 574 732 vertet
584 689 607 732 in
615 699 710 740 omues.

89 759 173 807 Tanta,
183 761 248 807 nate,
256 757 326 812 magis
332 756 446 802 contende
455 757 541 802 tenacia
551 757 627 802 vincia
637 773 644 800 ι

90 832 166 873 Donec
175 827 224 872 taiis
232 827 277 872 erit
286 831 373 871 mutato
383 839 492 884 corpore.
503 826 594 884 qualern

88 898 186 947 videris,
197 899 288 954 incepto
297 900 386 953 tegeret
392 909 463 954 quum
472 899 558 942 lumina
564 908 653 942 somno.
665 914 676 938 s

115 973 169 1013 Haec
178 969 221 1018 ait.
233 972 256 1013 et
266 969 376 1024 tiquidnrn
388 969 507 1013 ambrosia
517 967 626 1013 diiiunrirt
640 969 749 1016 odorem.

87 1041 138 1093 Quo
147 1042 220 1083 toturn
228 1040 274 1083 nati
285 1051 368 1096 corpus
379 1039 496 1096 perduxi13
508 1039 573 1084 atilli

87 1110 162 1154 Dulcis
171 1110 302 1166 compositis
310 1111 405 1168 spiravit
412 1110 512 1154 crinibus
521 1121 587 1161 aura,

86 1184 161 1238 Atque
169 1181 249 1226 habitis
253 1183 361 1227 membris
366 1183 429 1226 venit
437 1183 511 1238 vigor.
518 1183 558 1226 Est
564 1192 645 1238 specus
651 1182 734 1238 ingens

86 1252 149 1298 Excsi
157 1253 227 1298 latere
235 1254 259 1297 in
267 1254 361 1304 montis,
371 1265 418 1310 qno
425 1253 522 1310 piurima
530 1256 601 1297 vento

86 1323 187 1377 cogitur,
194 1323 264 1378 inque
273 1324 335 1368 sinus
344 1323 427 1368 scindit
437 1335 484 1369 sese
491 1323 551 1367 unda
561 1322 682 1373 reductcss

87 1393 207 1450 Deprensis
216 1393 271 1437 olim
280 1393 347 1436 static
356 1393 468 1437 tutissima
477 1393 553 1437 nautis
562 1408 568 1435 ι

85 1467 149 1506 intus
158 1474 182 1508 se
192 1464 249 1508 vasti
255 1467 351 1508 Proteus
359 1464 414 1519 tegit
421 1463 495 1518 objice
503 1463 557 1506 saxi.

83 1535 239 1590 iiicjuvenem
252 1535 276 1577 iu
285 1533 375 1577 latebris
384 1544 490 1578 aversum
496 1544 510 1576 a
517 1531 602 1575 iumine
610 1529 712 1589 Nympha

85 1607 186 1651 collocat
195 1607 256 1661 zipsa
265 1603 345 1660 procui
354 1603 442 1648 nebuiis
452 1604 548 1648 obscura
557 1602 651 1646 resistit.

111 1681 162 1721 Jam
169 1677 261 1733 rapidus
267 1680 358 1720 terrens
365 1674 465 1718 sitientes
474 1674 546 1717 Sirius
554 1671 624 1717 lndns

85 1747 194 1799 ardebam
205 1747 263 1791 coeio
272 1749 295 1790 et
305 1745 404 1790 medium
412 1746 448 1790 sui
457 1746 537 1801 igneus
546 1744 626 1788 orbem

85 1822 207 1868 Hauserat;
218 1818 313 1862 arebant
322 1815 411 1867 berbae,
421 1820 443 1860 et
452 1826 506 1859 cava
514 1813 608 1858 flumina
618 1814 687 1859 siccis

84 1888 194 1934 Faucibus
201 1887 229 1932 ad
239 1887 318 1930 iirnum
325 1886 383 1930 radii
393 1885 503 1944 tepefacta
511 1883 656 1940 coquebant:

83 1961 158 2011 Quum
168 1961 262 2001 Proteus
272 1961 379 2001 consueta
388 1959 488 2010 petense
499 1953 602 1998 iiuetibns
608 1959 675 1998 antra

83 2029 132 2072 ibat
142 2044 148 2070 r
160 2039 212 2072 eum
221 2029 277 2072 vasti
285 2028 371 2071 circurn
381 2036 435 2080 gens
444 2023 538 2068 humida
545 2025 611 2080 ponti

84 2101 201 2143 Exsultans
208 2111 284 2144 rorem
293 2101 336 2143 iate
346 2097 451 2155 dispersit
460 2108 571 2141 amarum.

84 2172 194 2213 sternunt
205 2182 228 2214 se
238 2180 319 2213 somno
328 2169 422 2213 diversae
431 2168 456 2211 in
464 2168 531 2212 litore
538 2166 617 2222 pnocae
626 2182 632 2207 :

84 2247 147 2296 lpse,
158 2241 220 2286 vetut
229 2240 309 2284 stabuli
319 2242 394 2283 custos
401 2239 424 2283 in
432 2239 546 2283 montibus
556 2237 622 2287 oiim,

83 2316 167 2369 vesper
175 2312 233 2358 ubic
242 2317 307 2367 pastu
316 2311 396 2356 vituios
403 2309 431 2353 ad
442 2313 501 2354 tecta
509 2307 611 2360 reducit,
