1666 2964
96 163 136 201 uult
365 159 495 199 rubellius
724 160 756 200 ib

96 254 147 292 lime
153 248 225 302 J'ubet.
235 246 325 289 Gaudet
332 257 403 300 regno
411 247 520 300 Trojanus
529 248 632 293 Acestes.

93 318 220 373 indicitque
227 316 312 370 loriam,
324 320 347 360 et
356 315 459 371 putribus
468 314 507 358 dat
512 316 566 369 jura
573 315 674 360 voeatis.

93 387 232 432 ‘lumriciua
240 387 305 431 astris
312 386 411 438 erycino
418 385 442 428 ln
450 383 535 429 vertioe
542 383 609 429 sedes

92 457 210 503 Fundetur
219 457 302 503 veneri
312 456 396 505 Idaliae.
407 455 540 511 tumuloque
548 455 659 501 saoerdos

94 528 201 575 deluens
209 527 255 573 late
261 538 325 573 saoer
334 525 426 570 additur
433 524 554 569 Anchiseo.

118 603 214 656 Jamque
224 599 273 644 dies
280 600 370 656 epulata
379 607 464 642 norem
473 608 529 652 gens
538 597 623 646 omnis.
633 601 661 643 et
668 598 713 643 mis

92 673 174 715 Faetus
182 656 268 720 bonon
277 667 360 726 placidi
368 669 499 712 straverunt
508 676 599 723 muers
608 670 685 717 venti.

91 739 177 784 creber
184 742 208 782 ot
216 737 333 794 adspirans
340 748 419 781 rursus
427 739 493 781 vocat
501 738 584 781 Auster
592 736 617 781 in
627 738 712 783 alm

92 811 198 854 Exoritur
207 819 319 864 procurva
327 807 408 862 iugens
418 819 459 862 per
467 807 535 851 litora
541 803 620 858 fletum

92 879 208 936 complexi
215 879 275 922 inter
283 890 307 923 se
317 881 453 935 noctemque
462 877 567 934 diemque
575 882 710 925 moratum.

90 954 148 1008 ipsae
154 951 204 1005 lam
212 952 303 999 matres,
313 949 364 1004 ipsi,
373 948 454 1005 quibus
462 960 541 1004 aspera
549 947 670 1004 quondm

90 1020 144 1064 visa
152 1019 221 1062 maris
230 1019 305 1068 iacies,
319 1021 343 1062 et
349 1029 396 1062 non
405 1018 522 1063 tolerabile
530 1029 623 1070 nomeu,

89 1092 127 1134 lre
136 1090 224 1139 volunt,
236 1099 373 1144 omnemque
379 1088 438 1144 luge
448 1087 547 1145 perterre
554 1087 671 1134 laborem.

90 1165 153 1216 Quos
162 1161 237 1205 bonus
244 1163 324 1204 lineas
329 1159 395 1204 dietis
403 1160 489 1203 solatur
495 1159 581 1210 amieis,

89 1233 118 1274 et
124 1230 296 1284 consanguineo
305 1229 436 1284 lacrymans
441 1228 586 1275 commendat
593 1232 695 1274 Aeeslm.

90 1305 146 1347 Tres
153 1301 316 1356 Eryclritulm.
328 1304 352 1346 et
360 1301 537 1359 Tempestatibus
544 1312 634 1355 agnam,

88 1370 180 1416 caedere
188 1370 270 1415 deinde
275 1373 349 1425 jubet,
356 1372 458 1427 solvique
467 1383 494 1416 ex
503 1371 583 1417 ordine
592 1369 685 1417 funem.

88 1445 147 1499 lpse.
154 1444 225 1498 eaput
232 1445 303 1485 tonse
311 1441 368 1487 loliis
377 1441 479 1487 erlnmns
487 1442 561 1492 olive,

88 1517 154 1558 stans
162 1511 243 1570 prooul
251 1511 276 1555 ln
285 1523 354 1567 prora
362 1515 464 1569 pateram
473 1514 543 1565 tenet,
556 1515 651 1568 extaque
660 1514 734 1559 salsos

88 1584 185 1629 l’orriolt
198 1585 222 1628 ln
231 1581 320 1636 fluetus,
330 1593 357 1627 ae
365 1583 418 1627 rina
429 1582 538 1638 liquentia
547 1580 631 1625 tundit.

86 1655 236 1711 Prosequitur
244 1663 338 1708 surgens
347 1665 361 1697 a
370 1652 442 1710 puppi
450 1654 531 1697 ventus
539 1653 627 1695 euntes.

87 1726 198 1771 certatim
206 1725 262 1769 soell
271 1723 354 1769 lerinrrt
361 1733 431 1772 mare.
441 1723 465 1765 et
475 1731 567 1777 aequora
574 1724 681 1765 verrunt.

111 1797 225 1839 strenus
234 1794 321 1838 interea
327 1794 460 1848 Neptunum
469 1791 566 1836 exercita
573 1790 633 1834 euris

85 1865 228 1922 adloquitur.
239 1865 338 1919 talesque
345 1859 440 1906 ellnndit
451 1866 544 1918 pectore
552 1863 658 1917 quesbus:

111 1952 120 1976 ι
131 1937 230 1980 iunonis
237 1935 311 1990 gravis
320 1933 363 1979 ira.
373 1943 416 1976 neo
425 1931 574 1977 exsaturabile
584 1933 672 1986 pectus.

83 2007 224 2058 coguutme.
237 2006 350 2061 Neptune.
361 2013 440 2058 preces
449 2000 587 2046 descendere
596 2001 621 2043 in
630 2010 727 2046 omues:

84 2079 157 2129 Quam
166 2087 209 2121 uec
219 2076 286 2131 longa
296 2075 352 2122 siles,
363 2073 435 2129 pletas
446 2083 489 2116 nec
499 2071 588 2125 mitigat
598 2070 657 2123 ullae

83 2149 102 2189 N
105 2157 132 2191 ee
146 2145 317 2200 Jorislrnperio
326 2141 617 2199 lallsreinlrartaquieselt

82 2212 671 2270 Noumediadegeutel’brygumexedissenelanrlts
743 2242 748 2249 .

81 2286 167 2332 Urbem
177 2285 235 2330 odila
247 2286 301 2331 satis
310 2291 351 2336 est,
361 2297 404 2330 nec
412 2295 502 2343 prunam
509 2287 573 2328 traxe
579 2295 621 2340 per
629 2293 725 2328 omnem
