1666 2964
184 196 210 236 t'i
431 197 595 237 nubtialem*
808 200 832 239 lb

209 283 301 327 semina
308 281 355 326 vidi
363 281 467 337 equidem
474 280 675 326 miiltosmadieare
682 287 794 331 serentes.

183 354 211 395 nt
219 353 280 397 niun
288 352 349 409 psius
355 355 378 397 et
387 353 451 407 nigra
459 349 596 407 pellundere
605 362 709 401 amurca.

182 421 295 467 Grandior
301 425 327 466 ut
335 421 393 466 letus
398 421 483 476 siliquis
489 419 602 465 fallacibus
611 424 680 472 esset3

182 496 224 544 ut,
235 495 336 550 quamvis
344 495 391 550 igni
399 495 480 549 exiguo
489 524 495 543 ‚
505 496 626 550 properata
633 495 759 541 maderent.

181 564 230 608 viil
243 567 301 611 lecta
309 565 361 615 diu.
373 569 397 610 et
405 564 582 621 multospectata
588 565 675 615 labore,

183 640 324 693 Degenerare
332 640 422 686 tamen,
439 635 505 679 nivis
511 634 610 680 humana
618 638 740 690 quotannis

180 708 275 753 liuima
282 717 376 764 qunque
384 707 556 761 manulegeret:
566 707 598 750 sic
605 706 682 751 omnia
689 705 740 752 latis

181 780 280 834 lnpejiu
285 789 362 827 ruere,
371 788 398 822 ac
409 779 470 821 retro
479 776 581 834 sublapsa
590 776 677 822 reterri.

181 852 232 896 lion
239 850 309 897 aliten
317 860 385 905 quam
394 849 433 902 qui
442 848 536 894 adverso
542 850 580 894 vix
588 847 682 894 flumine
691 849 795 895 lumbum

181 921 287 976 Runigiis
295 919 389 974 subigiu
396 919 415 964 si
425 918 515 964 brachia
523 918 580 964 torte
586 921 683 969 remisit,

181 993 255 1048 lique
262 992 357 1036 illumin
364 1002 464 1047 praeoeps
471 991 610 1047 pronorapit
619 992 695 1035 ussus
701 992 774 1035 amni.

206 1064 320 1108 Praeterea
329 1064 375 1107 tam
383 1064 436 1107 sunt
444 1062 533 1106 Arcturi
542 1061 614 1107 sidera
622 1061 686 1106 nobis
695 1093 700 1109 .

179 1131 402 1189 lindosumqusdiss
415 1131 532 1182 servandi,
543 1135 566 1176 et
572 1131 659 1176 lucidus
666 1133 764 1187 Anguis,

180 1206 253 1258 Quam
259 1203 339 1260 quibus
346 1203 370 1246 in
379 1203 475 1260 patriam
482 1205 576 1247 ventosa
585 1215 626 1257 uer
633 1214 725 1258 aequora
733 1205 807 1249 vectis

180 1276 266 1319 Pontus
273 1276 297 1318 et
303 1272 399 1318 ostriferi
408 1272 483 1318 lauces
490 1276 606 1318 tentantur
613 1273 696 1328 Abydi.

179 1345 246 1391 Libra
255 1345 291 1390 die
300 1345 418 1402 somnique
429 1357 493 1402 pares
502 1345 541 1389 ubi
549 1345 626 1391 lecerit
632 1345 713 1395 horas,

178 1415 314 1461 simonium
322 1417 368 1461 luci
374 1420 441 1473 atque
451 1416 537 1461 umbris
542 1418 590 1470 jam
598 1415 679 1460 dividit
688 1417 783 1466 orbem,

178 1489 296 1538 Exercete.
306 1487 363 1538 viri,
374 1490 461 1540 tanr0s;
476 1488 543 1533 saliis
551 1487 636 1532 hordea
644 1488 735 1544 eampis,

179 1558 304 1616 llsqussub
312 1560 437 1605 extremum
445 1559 532 1603 bruma
545 1558 690 1602 intractabilis
698 1559 805 1604 inuium.

179 1631 225 1675 lise
233 1640 281 1674 non
289 1632 313 1676 et
320 1628 480 1684 liuisagetem.
492 1631 515 1674 ut
524 1629 614 1672 Cereale
622 1639 727 1684 papaver.

179 1702 276 1758 Tannus
283 1698 354 1744 humo
361 1702 445 1754 tegni-e,
453 1696 611 1754 etiamdudum
618 1698 749 1744 incumbere
757 1702 832 1745 aratri

180 1771 241 1815 lium
249 1772 307 1815 sloea
315 1771 396 1815 tellure
402 1770 465 1819 licet,
475 1769 530 1814 dum
540 1770 617 1814 nubila
627 1769 735 1825 pendent.

178 1838 297 1885 verstabls
304 1841 373 1892 satim
384 1843 567 1896 tumtsquoque,
575 1838 676 1887 medica.
686 1842 763 1895 putres

180 1910 300 1968 accipiunt
308 1912 378 1962 sulci,
392 1915 415 1956 et
422 1911 485 1956 mllio
493 1911 555 1956 venit
563 1923 639 1955 annua
645 1923 699 1956 cura
709 1929 715 1955 =

179 1981 292 2026 candidus
298 1982 381 2026 auratis
387 1982 459 2038 aperit
465 1994 536 2037 quum
543 1981 648 2026 cornibus
655 1993 740 2026 annum

179 2055 278 2101 Taunus,
287 2055 310 2097 et
317 2050 410 2096 adverso
417 2051 499 2097 cedens
508 2051 573 2096 Casiis
579 2052 734 2099 oceiditastro.

180 2124 210 2165 lt
218 2121 237 2166 si
246 2122 357 2167 triticeam
364 2121 389 2166 iu
397 2133 491 2167 messem
500 2123 633 2178 robustaque
642 2121 700 2166 tarra

179 2193 296 2237 Exercebis
302 2192 410 2243 humum,
421 2193 517 2248 solisque
524 2193 615 2239 instabis
629 2193 701 2238 aristis
712 2211 719 2236 ε

180 2266 240 2308 Ante
247 2263 286 2307 tibi
293 2267 347 2308 1⁸:0ae
356 2263 483 2308 Atlantides
491 2263 664 2315 abscondantur.

179 2333 307 2390 Gnosiaque
315 2333 413 2379 ardentis
421 2332 515 2379 decedat
523 2335 587 2379 stella
594 2339 697 2380 somnae.
