1666 2964
394 394 469 437 vida.
739 398 764 439 ts

128 484 213 546 Egisre
227 493 329 530 causam
338 479 430 529 dieitur
438 481 513 530 aensel
522 482 638 540 onmium
649 496 765 533 sernrouo

90 562 262 617 tardissimus,
268 559 470 622 acpeneindoeto
476 560 573 610 similis.
581 559 709 611 Traditll.
718 563 763 612 Sc-

89 656 168 700 neca,
179 644 210 691 ut
220 640 368 691 Ciceronem
383 641 523 703 eloquentia
538 654 582 690 sua
596 642 622 691 tu
641 642 761 694 carmini-

91 722 137 772 lttu
145 720 276 776 destituit,
283 720 317 770 ita
327 720 434 783 Virgilio
443 720 510 771 illam
515 721 609 783 ingenii
618 721 760 772 felicitatem

97 800 244 851 irroratione
253 801 331 850 soluta
340 799 454 850 defuisse.

124 882 205 931 Tanta
217 880 265 929 luit
274 892 373 928 morum
382 880 501 937 castitate,
509 881 537 930 ut
542 880 647 941 Neapoli
657 883 757 931 Parilic-

94 962 149 1011 aiaa
158 961 239 1023 uulgo
245 959 368 1009 diceretur
372 977 380 1018 ς
388 963 456 1010 tauta
465 960 601 1017 modestia,
612 962 640 1009 ut
650 961 671 1009 si
680 974 758 1022 qnan-

94 1038 127 1088 do
141 1041 246 1095 Roniae,
264 1049 314 1100 quo
334 1050 392 1087 raro
409 1039 576 1095 commeabat,
590 1039 714 1089 viseretur
732 1042 757 1089 in

97 1118 205 1179 umido,
218 1119 339 1167 sectantes
347 1120 617 1180 commonstrantcrque
626 1133 652 1168 se
660 1120 758 1168 subter-

93 1198 198 1261 lngeret.
214 1198 268 1246 Nec
284 1197 366 1246 tamen
378 1197 459 1245 caruit
469 1198 554 1247 {ructu
572 1198 666 1255 laudis,
684 1212 756 1261 qum,

89 1290 169 1341 quum
179 1275 340 1337 repudiatur,
356 1276 506 1325 cumulatior
515 1276 596 1327 redire
605 1278 666 1327 solet
678 1295 684 1326 ι
696 1291 754 1326 nam

88 1357 212 1420 nonarius,
222 1354 313 1404 auditis
323 1355 349 1403 in
354 1356 453 1404 theatro
457 1355 556 1417 Virgilii
565 1357 692 1413 uersibus,
701 1371 755 1406 sur·

87 1438 152 1487 rexit
161 1435 307 1493 universusz
316 1438 340 1483 et
345 1448 402 1485 eum
412 1437 478 1485 rorte
488 1438 632 1497 pausantem
642 1439 753 1499 spectan-

89 1518 191 1579 temque
199 1514 422 1572 aieveneratuseat,
432 1515 656 1578 quasidugustum.
666 1518 753 1580 Quum

92 1596 191 1657 quidam
203 1608 289 1646 versus
302 1593 334 1643 ab
343 1606 372 1643 eo
381 1594 458 1643 iactos
471 1594 519 1643 sibi
531 1595 713 1653 adscriberent,
727 1596 751 1644 id

90 1688 138 1725 non
147 1673 226 1724 modo
232 1684 282 1722 non
289 1686 355 1735 aegre
363 1674 470 1731 ferebat,
479 1674 569 1725 amsua
578 1675 653 1724 etiam
661 1676 687 1725 in
697 1676 751 1724 aliis

86 1754 183 1805 laudari
190 1752 352 1803 libentissime
360 1753 510 1815 patiebatur:
521 1755 588 1817 quod
596 1768 674 1817 qumn
685 1767 750 1816 saepe

84 1834 159 1893 alias,
171 1836 227 1883 tum
239 1832 265 1882 in
275 1832 321 1882 hoc
329 1833 435 1895 eleganti
443 1832 551 1884 disticho
559 1834 681 1896 contigit:

151 2006 214 2044 ilocte
221 2002 272 2049 pluit
280 2003 318 2040 tota
325 2012 330 2044 ;
338 2000 420 2040 rodum
427 2002 536 2048 specuum
544 2009 603 2038 rnane
611 2011 617 2037 :

176 2065 267 2105 malrum
272 2062 380 2109 imperium
386 2072 433 2101 cum
440 2066 488 2103 sore
496 2066 560 2101 cesar
568 2061 635 2100 nubet.

113 2222 201 2284 Quum
213 2215 344 2278 aliquando
359 2216 466 2264 Ennium
483 2215 567 2276 legens
577 2215 743 2277 interrogare-

83 2306 138 2356 tur,
151 2299 213 2362 quid
223 2297 321 2359 ageret,
331 2294 459 2355 respondit
468 2307 558 2343 aurum
568 2307 594 2344 se
606 2295 722 2355 colligere
732 2308 745 2341 c.

82 2384 193 2430 stercore
200 2378 283 2427 Ennii.
293 2375 431 2438 Benignus3
443 2375 525 2423 cultor
537 2375 649 2425 omnium
667 2375 744 2422 bono

82 2473 140 2508 rum
149 2460 385 2522 atqueeruditorum
391 2479 399 2519 ς
410 2462 442 2510 ab
451 2460 543 2511 invidia
553 2463 589 2512 sic
598 2461 705 2515 alienus,
717 2462 745 2506 ut

81 2537 172 2600 siquid
183 2539 280 2589 erudite
289 2539 384 2589 dietum
394 2539 492 2589 audiret
503 2540 619 2596 alterius,
635 2552 685 2589 non
696 2538 743 2587 mi-
