1666 2964
106 217 133 258 8⁰
354 213 518 256 GEOltGlCOb'
728 214 766 254 {58

103 299 215 346 Laudibus
224 301 294 344 ltaliae
301 301 400 349 ocrteut;
408 309 456 343 non
464 300 556 347 Bactra,
567 309 640 353 neque
654 297 718 347 ludi,

102 373 203 428 notaque
210 369 309 415 muteris
316 368 430 414 Panchaia
443 368 534 426 pinguls
542 368 623 413 arenis.

103 446 158 488 Huc
165 445 215 490 loca
222 452 271 487 nou
279 441 336 486 tauri
344 439 453 498 spirantes
460 438 552 484 naribus
556 439 634 495 ignem

105 515 232 563 invertere.
243 512 296 558 subs
305 511 410 556 immanis
416 509 521 556 duobus
528 509 608 566 hydria

106 584 155 629 Nec
165 584 234 640 galeis
244 582 362 638 densisque
370 581 445 626 virum
453 591 517 637 seges
527 580 617 626 borrut
624 580 709 628 hastis:

106 653 151 699 sed
159 654 257 710 gravide
264 653 383 710 tergaest
391 652 474 698 Baoebi
483 653 587 698 llasslcus
598 652 683 698 humor

107 726 243 783 impleretur
252 727 330 771 tensm
337 724 393 770 olea
399 726 544 780 arnrentaque
551 724 611 769 leta.

108 795 168 841 lllnc
173 795 269 842 bellator
276 806 346 852 etprus
352 805 433 852 campo
441 805 490 840 rme
497 793 580 839 ardum
586 792 656 839 intest
666 809 672 836 ι

109 865 170 912 llinc
176 866 232 919 albi,
239 867 365 917 cltumne,
374 876 467 921 greges,
477 867 500 910 et
508 864 606 910 maxima
614 865 694 910 burm

108 936 215 988 victima,
226 948 286 994 sape
294 940 335 981 tuo
342 934 427 994 pertusi
436 933 528 980 iiuruiuc
534 945 610 986 sacro,

108 1011 222 1053 Romanos
230 1007 259 1053 ad
268 1008 353 1066 templa
361 1005 429 1052 deum
435 1005 518 1052 duxere
527 1004 661 1064 triumphos.

109 1077 336 1129 Hiererarislduum
345 1080 411 1135 atque
418 1077 496 1123 alienis
504 1076 619 1123 mensibus
626 1081 707 1124 ectaz

110 1150 148 1195 Bis
155 1148 254 1206 masida
261 1149 360 1207 pecudes
366 1180 373 1203 ‚
379 1149 413 1194 bis
421 1149 494 1207 pomis
502 1148 563 1193 utilis
571 1147 647 1193 arbor.

112 1219 234 1265 Atrabidae
244 1221 313 1276 tigres
322 1219 414 1272 munt,
424 1222 447 1266 et
455 1231 514 1265 aava
522 1220 623 1265 leonum'

110 1290 213 1341 sominae
221 1301 265 1336 nec
270 1291 365 1334 miseros
373 1289 453 1334 iallunt
460 1291 550 1336 aconita
555 1290 669 1346 legentem

113 1364 160 1406 Nec
168 1362 228 1417 rapit
234 1360 356 1406 immensos
363 1360 428 1407 orbes
436 1373 477 1418 per
485 1361 593 1414 humum,
601 1372 677 1416 neque
685 1362 752 1407 tanto

111 1435 234 1488 &puamcus
242 1430 267 1474 ln
276 1430 359 1486 spiram
366 1432 440 1477 tractu
449 1443 473 1477 se
481 1432 567 1487 colligit
576 1431 663 1486 anguis.

113 1501 178 1547 Adde
185 1503 219 1546 tot
225 1502 326 1557 egregias
333 1503 411 1554 urbes.
421 1513 562 1560 operumque
569 1501 682 1553 laborem.

113 1573 158 1617 ‘lot
165 1575 271 1627 congesta
279 1584 348 1618 mauu
356 1575 475 1630 prumptis
482 1572 565 1631 oppida
574 1572 643 1624 sauls,

114 1641 261 1700 Fluminaque
268 1644 371 1700 antiquos
380 1644 557 1689 subterlabentia
563 1655 649 1688 muros.

114 1718 151 1758 An
158 1727 229 1769 mare,
235 1714 296 1773 quod
305 1727 380 1770 supra.
386 1726 516 1763 memorem.
524 1715 629 1771 quodque
633 1714 708 1760 adluit
712 1712 783 1760 inira?

115 1787 249 1832 annelacus
257 1787 351 1831 tantos?
363 1789 397 1837 te,
410 1787 461 1830 lari
470 1786 653 1842 maxime,teque

116 1855 231 1901 Fluctibus
239 1860 263 1902 et
272 1855 362 1903 imuritu
369 1856 506 1913 adsurgens,
515 1860 614 1906 Benace,
624 1854 731 1903 marino?

117 1930 154 1970 An
162 1938 286 1974 memorem
295 1933 385 1986 portus.
398 1928 542 1984 Lucrinoque
550 1926 627 1972 addita
635 1928 749 1980 clarmtra,

59 2048 61 2055 Α
118 2000 191 2054 Atque
197 1998 336 2055 indignatum
345 1999 431 2054 maguis
439 1997 571 2043 stridoribus
580 2008 664 2054 aequor,

116 2073 130 2114 J
133 2068 178 2115 ulla
187 2082 232 2127 qua
240 2077 312 2129 ponto
320 2074 389 2127 longe
397 2074 463 2116 sonat
470 2069 532 2115 unda
541 2069 627 2118 retuso.

116 2141 288 2200 Tyrrhenusque
296 2142 358 2189 iretis
366 2142 495 2186 immittitur
503 2143 568 2186 aestus
576 2140 691 2186 Avernus?

119 2215 173 2258 Haec
180 2212 259 2258 eadem
268 2214 355 2269 argenti
362 2214 424 2258 rivos
433 2214 528 2269 arisque
537 2211 628 2257 metalla

120 2282 304 2336 Ostenditvenls,
314 2287 381 2341 atque
389 2295 444 2329 auro
453 2284 550 2340 plurima
558 2280 628 2327 fluxit.

120 2356 251 2410 llucgenus
259 2365 310 2400 acre
318 2354 404 2404 virum.
415 2357 510 2406 Marsos,
519 2353 646 2412 pubemque
660 2353 764 2399 sabellan
