1666 2964
87 447 114 488 2⁰
340 442 492 487 Buconica.

87 533 189 588 Namque
197 531 241 575 erit
247 531 286 575 ille
297 527 353 573 mihi
361 539 450 586 semper
459 526 526 578 deun
535 527 594 572 illius
604 539 666 572 aram

86 605 149 658 supe
156 605 221 648 tener
228 601 310 646 nostris
318 600 346 647 ab
354 601 449 646 ovilibus
457 599 543 645 imbuet
551 610 631 654 agnus.

86 672 128 716 lile
134 683 195 716 meas
204 671 365 720 efferebam.
374 671 401 715 ul
407 671 492 719 cernis,
502 674 525 714 et
533 669 606 726 ipsum

86 741 185 792 Ludere,
193 754 243 798 qua
254 741 348 790 vellem.
357 741 443 784 cuamo
451 735 552 797 permisit
562 737 652 795 agresti.

349 821 481 856 uelimus.

86 883 139 926 Non
147 882 250 940 equidem
257 881 348 927 invideo
356 899 362 934 3
371 883 442 926 miror
451 882 521 937 magis
531 881 645 937 :undique
654 883 707 927 totis

85 956 160 1010 lisque
169 953 226 998 adeo
232 954 335 998 turbatur
341 953 408 1008 agris.
417 957 450 996 En
463 953 509 1008 lpse
517 952 612 1010 capellas

85 1026 196 1068 Protenus
205 1035 312 1080 egerago
322 1022 469 1068 =hauceuam
476 1023 527 1073 rix,
537 1024 623 1077 Tityre.
633 1022 701 1067 duco.

85 1095 128 1139 llic
137 1096 197 1140 inter
204 1094 284 1140 densas
292 1095 380 1150 corylus
389 1095 457 1139 modo
465 1106 562 1151 namque
570 1095 685 1149 gemellos.
713 1104 715 1109 ·

85 1167 152 1222 spem
161 1166 244 1221 gregis,
255 1165 294 1210 ah!
310 1166 373 1211 silice
387 1164 412 1210 lu
420 1164 481 1210 nuda
489 1164 585 1209 connixa
593 1164 693 1219 reliquit.

84 1237 147 1291 saepe
155 1235 289 1280 malumhoc
296 1236 361 1280 nohis
368 1268 374 1287 ,
381 1235 399 1280 si
406 1246 469 1279 mens
478 1235 587 1279 nonlaeva
599 1233 691 1286 luisset,

85 1308 180 1353 Dceoelu
187 1308 257 1352 tactas
269 1307 361 1352 memini
368 1305 488 1364 predicere
495 1298 598 1363 quercus.

83 1378 160 1434 (saepe
168 1380 257 1424 sinistra
263 1391 317 1424 cara
323 1376 425 1436 praedlxtt
431 1377 459 1421 ab
467 1377 517 1422 ilice
527 1377 612 1421 cornix.
621 1377 629 1428 l

85 1448 129 1494 sed
136 1453 223 1499 umen.
230 1449 272 1494 iste
282 1451 341 1496 Deus
349 1450 387 1506 qui
394 1448 434 1498 sit,
443 1448 485 1499 da.
495 1450 582 1505 Tityre,
591 1448 665 1492 nobis.

196 1547 198 1553 .
362 1529 469 1564 rarraus.

85 1591 256 1648 [immanem
262 1590 447 1641 dicuntllomam,
462 1591 666 1648 Mellboee‚putari

83 1662 169 1707 stultu
177 1673 221 1720 ego
232 1661 286 1707 huic
294 1664 377 1707 nasu-a
388 1662 484 1707 similem
491 1693 497 1714 ‚
505 1673 552 1718 quo
560 1673 618 1719 sepe
631 1664 735 1708 solemus

84 1733 188 1778 Pastum
196 1733 272 1776 orium
279 1735 368 1778 teucrus
376 1732 487 1790 depellere
498 1730 565 1778 letus.

82 1804 665 1860 suoeniuucatulussimsses.sicmatrihushedos,
719 1849 723 1865 ÷

84 1881 168 1922 Noram
176 1894 182 1929 ς
193 1878 226 1922 sic
232 1877 305 1934 parvis
313 1889 451 1934 componere
460 1889 542 1933 magna
550 1877 656 1922 solebam.

83 1948 222 1993 Verumhaec
229 1951 317 1992 tantum
323 1949 377 1993 alias
386 1949 446 1992 inter
453 1953 521 2004 capul
528 1949 606 1991 extulit
614 1948 681 1992 urbes
692 1981 699 1998 .

83 2025 197 2076 Quantum
206 2024 267 2068 lenta
273 2023 347 2069 solent
352 2023 413 2068 inter
421 2024 517 2067 viburna
523 2022 630 2078 cupressi.

348 2105 483 2140 naucerus.

84 2168 169 2220 litque
177 2168 239 2213 unta
246 2166 289 2210 luit
296 2167 393 2210 nomam
403 2165 441 2208 tibi
449 2176 515 2210 caum
523 2165 629 2210 videndi?

367 2246 472 2282 narnus.

84 2303 183 2349 Libertas
190 2319 196 2345 ε
204 2317 264 2361 quae.
272 2319 334 2361 sera,
343 2309 418 2352 umen
423 2307 520 2364 respexit
528 2307 636 2357 inertem,

83 2375 204 2421 candidior
211 2380 329 2433 postquam
339 2378 442 2423 tondenti
451 2378 519 2422 barba
524 2377 629 2428 cadebat;

83 2448 189 2505 Respexit
198 2451 285 2503 umen,
295 2452 394 2505 etlongo
402 2454 454 2508 pust
463 2454 564 2508 tempore
570 2452 633 2495 venit
642 2483 647 2500 ,

83 2520 204 2575 Postquam
213 2531 255 2564 nos
263 2522 379 2574 Amaryllis
386 2521 454 2566 hahet
460 2554 466 2571 ,
473 2521 566 2566 Galatea
574 2522 672 2576 reliquit.

82 2591 196 2646 Namque,
208 2590 294 2636 latcbcr
302 2591 376 2642 enim,
384 2591 438 2635 dum
449 2603 485 2638 me
491 2592 582 2636 Galatea
590 2592 682 2639 tenebat
692 2626 698 2642 ,

72 2726 233 2898 ἢ
