1666 2964
222 173 259 212 lta
486 171 610 212 AENEIDOS

223 260 273 300 ton
281 258 320 300 ita.
330 258 438 312 Namque,
448 258 490 302 etsi
497 257 587 301 nullum
593 255 741 302 memorabile
752 267 829 302 nonrei

222 327 326 373 Feminea
335 328 359 370 in
368 339 436 384 putta
444 331 488 378 est.
504 327 621 373 nechabet
627 327 725 372 victoria
734 327 828 374 laudem

221 396 425 442 unnnxissenetas
432 397 664 448 tumen‚etaumrisse
671 398 785 442 merentis

223 467 340 513 laudabor
347 478 437 525 poenaa3
446 469 591 524 adimuntque
601 466 701 524 explesse
705 467 797 521 iuvabit

223 539 313 584 Ultrieis
321 530 428 587 llernmae.
438 540 462 583 et
469 537 557 584 eineres
563 539 653 583 satiasse
661 549 776 584 meorum.

221 610 284 654 'ralia
287 610 400 665 lactabam
409 642 414 661 ,
424 612 448 655 et
454 608 536 653 furiata
544 612 620 654 ruente
628 608 716 654 tenebar
723 609 743 661 ς)

222 681 297 733 Quum
305 679 404 733 militae,
413 690 461 724 non
468 680 521 723 ante
529 678 599 727 oeulis
608 678 735 729 tamelure.
747 678 782 723 vi·
794 694 813 717 u
825 698 827 712 ‹

224 751 324 801 obtudit,
335 753 358 795 et
366 763 423 808 pura
429 755 569 807 pernoctem
576 750 601 794 ln
608 751 659 795 luee
666 748 756 796 refulsit

223 823 289 866 Alma
295 834 391 879 parens.
401 821 503 868 contensa
512 822 594 876 deant,
603 822 719 879 qualnque
727 821 804 868 videri

187 924 190 929 .
223 892 347 943 celicolis,
357 897 381 938 et
388 897 473 949 quanta
481 892 550 943 solet:
560 892 681 948 dextraque
687 890 828 949 prehensum

224 960 791 1020 continuit.roseoquehaeeinsuperaddiditorer

251 1034 399 1089 antemnis
405 1033 527 1078 indomitas
535 1035 611 1078 unus
620 1033 686 1078 dolor
694 1032 778 1078 adut
785 1033 831 1079 ira

224 1101 284 1156 Quid
291 1100 519 1160 luristautquonam
526 1104 598 1147 nostri
607 1103 648 1147 tibi
655 1113 710 1148 eura
716 1102 826 1149 reeoeslt?

224 1176 275 1217 Non
282 1173 472 1230 priusadepleies,
483 1173 611 1218 ubilessum
617 1176 683 1217 aetate
691 1175 812 1229 parentent

225 1244 325 1299 tiqueris
331 1243 784 1302 Anchisentsupereteonssumecrettsu.

227 1318 379 1374 Ascaniusque
389 1321 460 1375 puer?
469 1331 527 1375 quos
535 1330 613 1364 omnes
621 1317 722 1374 undique
733 1318 809 1364 Grato

225 1389 401 1433 circumerrant
409 1389 480 1440 acies3
490 1393 524 1439 et,
534 1391 559 1435 nt
569 1400 619 1434 mea
627 1400 681 1434 eura
689 1389 792 1437 resistat.

225 1457 380 1503 lunilamnrae
389 1460 494 1511 tulerint,
505 1461 612 1505 inimicus
618 1463 642 1504 et
647 1458 747 1503 hauserit
752 1459 822 1505 ensis.

227 1530 280 1573 Non
289 1529 330 1573 tibi
338 1529 471 1584 Tyndaridis
486 1529 553 1576 laeies
563 1531 756 1578 invisalactenae.

226 1601 361 1657 culpatusve
369 1601 531 1654 Paris3divil1n
539 1601 697 1653 inelementia,
706 1599 797 1648 divum.

227 1675 273 1717 Has
280 1674 363 1718 evertit
370 1683 425 1730 opes
433 1674 571 1728 ,sternitque
579 1684 593 1716 a
602 1670 700 1717 culmine
712 1672 812 1726 trojam.

228 1743 338 1801 Adspice:
348 1754 557 1799 namqueomnem‚
567 1753 618 1798 quae
627 1752 689 1786 nunc
697 1740 797 1786 obducta
822 1758 826 1780 t

227 1816 330 1859 Mortales
338 1814 429 1859 hebetat
437 1814 498 1858 visus
509 1813 561 1863 tibi.
571 1814 595 1857 et
600 1812 695 1856 humida
704 1813 792 1857 elreuur

227 1885 327 1940 caligat,
338 1886 423 1930 nubem
432 1885 534 1941 eripiam.
541 1886 574 1927 lu
584 1896 614 1929 ne
623 1896 667 1939 (tua
674 1882 774 1940 parentis

227 1957 294 1999 tussa
301 1955 369 2005 time,
379 1966 424 1999 neu
432 1955 550 2012 preceptis
558 1965 636 2010 parere
645 1964 744 2009 recusa..

229 2025 284 2077 ilie,
294 2025 333 2069 ubi
341 2025 443 2081 disjectas
449 2025 532 2074 moles,
541 2024 662 2080 avulsaque
668 2023 726 2068 saxis

228 2102 283 2142 saxa
289 2096 364 2146 vides.
373 2097 486 2153 anumque
493 2096 617 2140 undantem
624 2096 717 2152 pulvere
726 2093 827 2143 tumtum.

230 2168 348 2221 Neptunus
357 2168 670 2222 muros,magn0queeruota
676 2163 768 2208 tridenti

230 2235 386 2280 Fundamenta
393 2237 476 2292 duratii,
487 2240 602 2292 totamque
612 2234 640 2279 ab
646 2233 735 2279 sedibus
744 2234 827 2278 urbem

232 2307 302 2350 Eruit.
313 2308 356 2352 llic
365 2310 426 2351 Jnno
433 2311 506 2352 scaras
514 2307 635 2352 serissima
642 2309 717 2362 portas
