1666 2964
213 200 250 240 itii
480 197 610 238 minos

201 284 829 344 „vesu-uiuum·augurium,vestroqueiunuminerroja

209 355 270 402 cedo
279 355 397 412 equidem
408 367 450 399 nec
459 385 465 407 ,
474 356 539 406 mte,
549 356 591 400 uui
601 366 677 400 comcs
685 356 719 400 ire
728 367 817 402 recuso.

236 427 328 469 Dixerat
335 425 385 476 iiie;
394 426 468 479 etjam
477 437 518 482 per
526 425 607 469 rutenia
616 425 700 471 clarior
709 426 770 483 ignis

210 496 315 545 Auditur.
326 497 464 553 propiusque
471 501 538 540 aestus
545 496 649 542 incendia
655 497 764 542 volvunt.

211 581 221 608 ι
229 570 290 622 Ergo
299 578 352 621 age,
360 577 414 611 carc
423 569 494 623 pater,
503 567 586 611 cervici
595 567 715 623 imponere
723 569 826 612 nostrie:

211 641 262 694 ipsc
275 637 356 681 subibo
363 636 475 686 humeris.
486 647 530 681 nec
536 649 573 681 rue
579 636 642 680 labor
648 637 813 692 istegravauiu

211 712 262 761 Quo
270 719 306 752 rcs
313 718 403 762 cunque
411 707 504 756 cudent,
515 719 586 751 uuum
593 712 616 751 et
625 718 750 753 commune
758 708 831 764 perici

213 781 262 821 Una
271 777 331 822 selus
340 777 449 821 anmobus
458 778 508 821 erit.
520 777 574 821 iiiiii
584 779 734 835 pervasimus

212 848 244 892 sit
253 859 343 896 comes;
351 850 375 891 et
381 846 450 902 longe
459 849 535 892 servet
545 848 637 902 vestigia
644 850 735 904 conjux.

210 921 253 962 vos
260 917 346 971 tumuli,
355 928 405 972 quae
412 916 494 968 dicam,
504 917 585 960 animis
593 917 704 963 advertite
711 918 801 964 vestris.

210 991 249 1033 Est
257 989 312 1032 urire
319 989 415 1043 egressis
425 989 539 1039 tumulus,
550 989 704 1046 templumque
711 991 830 1034 vetrrstum

211 1061 309 1105 Desertae
319 1060 631 1117 cereris,1urtaqueantiqsra
639 1071 772 1116 cupressus,

212 1130 329 1185 reiigione
335 1136 425 1187 patmum
431 1131 514 1174 mutter
521 1133 610 1175 serrata
616 1143 658 1188 per
666 1141 739 1176 annos
748 1148 755 1176 r

212 1204 276 1244 itanc
283 1212 310 1244 er
321 1200 411 1245 diverso
418 1199 496 1244 sedem
505 1201 622 1245 veniemus
629 1201 654 1243 in
663 1212 742 1245 unam.

211 1274 252 1321 Tu,
261 1271 357 1326 genitor,
367 1281 422 1326 cape
432 1281 495 1313 succa
505 1282 582 1322 manu,
590 1271 720 1327 patriosque
729 1274 824 1317 Penates

213 1345 260 1391 ite.
269 1341 329 1386 bello
337 1352 350 1384 e
358 1342 421 1385 tauto
429 1339 555 1394 digressum
564 1344 587 1385 ct
593 1341 655 1386 caede
663 1343 760 1397 recenti,

212 1413 345 1458 Adtrectare
354 1410 427 1462 nctus.
439 1411 513 1456 donec
521 1423 558 1456 me
567 1411 660 1457 flumine
667 1413 721 1456 viro

215 1483 321 1528 Abiuero·
330 1497 340 1522 r

240 1559 294 1600 Haec
301 1553 370 1603 ictus.
380 1553 438 1598 tutos
445 1553 552 1598 humeros
560 1555 706 1610 subjectaque
714 1555 775 1600 coita

213 1630 279 1671 veste
285 1637 353 1682 super
362 1623 462 1680 iuivique
470 1625 584 1669 insternor
592 1625 650 1682 petie
659 1625 744 1671 iconis.

213 1698 359 1753 succedoque
365 1696 438 1740 oneri.
448 1698 535 1741 Dertrae
543 1709 567 1740 sc
576 1708 659 1753 parvus
668 1697 729 1740 iulus

214 1766 341 1825 implicuit,
351 1766 497 1822 sequiturque
505 1769 592 1821 patrem
600 1778 647 1810 nou
656 1767 758 1822 passibus
764 1768 833 1822 equ*

215 1839 278 1882 Pone
286 1836 348 1880 subit
355 1837 447 1890 conjux.
456 1834 559 1879 Ferimur
566 1846 607 1890 per
616 1845 687 1889 opaca
695 1835 807 1880 iocorum.

214 1910 296 1958 inme,
306 1917 375 1962 quem
385 1905 474 1949 dudum
483 1905 585 1949 nonulla
594 1905 809 1960 injectamcvehans

214 1979 278 2026 Tela.
289 1987 363 2032 neque
373 1977 469 2020 adverso
479 1976 599 2030 glomerati
607 1987 634 2021 cx
642 1976 733 2030 agurius
740 1976 818 2026 Graii,

215 2051 278 2091 Nunc
287 2058 365 2091 omnes
375 2049 462 2091 terrent
471 2058 546 2098 aurae3
557 2057 626 2090 sonus
633 2045 797 2090 cxcitatomnis

214 2124 349 2174 suspensum
358 2150 363 2168 ,
372 2120 395 2161 et
403 2118 486 2174 pariter
496 2117 619 2172 comitique
627 2117 737 2172 onerique
742 2117 833 2161 timent

241 2192 337 2244 iainque
344 2188 523 2245 propinquabam
531 2189 608 2244 portis,
618 2198 755 2243 omnemque
763 2186 817 2231 vide

216 2260 315 2304 Evasisse
322 2259 407 2308 ricem,
417 2260 493 2303 subito
503 2270 574 2314 quum
582 2259 662 2302 rrcbcr
671 2257 700 2301 ad
709 2270 775 2303 aurcs

220 2332 284 2375 i'isus
293 2330 368 2376 adesse
377 2331 459 2388 pedum
468 2330 553 2374 sonitus
564 2346 569 2371 ε
580 2329 714 2385 gcnitorquo
725 2342 765 2385 por
773 2329 828 2373 rimi·

122 2534 240 2584 Α
