1666 2964
135 444 176 485 tin
375 445 542 487 uuouutcou
755 445 797 486 528

134 520 702 587 Prondlliusetvietupascunbrrsimplieisherbae;
727 554 729 559 .

135 598 220 643 Pocula
227 601 280 644 sunt
287 596 361 642 tontes
367 597 462 654 liquidi,
471 599 537 652 atque
543 596 641 641 exercita
649 609 716 643 cursu

133 668 249 717 Flumina.
257 678 398 713 neosomnos
407 667 521 724 abrumpit
533 678 588 713 cura
596 667 705 715 salubres.

134 740 245 794 Tempore
251 748 300 782 non
306 737 350 781 allo
359 736 439 781 dicunt
447 735 577 792 regionibus
585 735 629 780 illia

134 807 242 861 Quaesitae
250 807 280 851 ad
288 818 351 851 saera
360 805 428 851 boves
436 807 545 861 iunonis,
553 808 577 850 et
583 807 630 851 uris

133 877 260 936 imparibus
267 876 347 922 ductos
356 877 400 920 alta
407 876 436 920 ad
443 877 537 922 donaria
546 888 633 921 currus.

134 950 195 1002 Ergo
206 959 265 1004 aegre
271 947 347 992 rastris
355 949 438 991 terram
444 947 562 1001 rimantur,
573 947 658 1004 stipsis

137 1020 254 1076 Unguibus
259 1018 375 1063 infodiunt
380 1017 466 1074 fruges.
477 1020 610 1075 montesque
618 1031 660 1076 per
668 1021 727 1066 altos

136 1092 247 1134 contenta
256 1089 345 1134 cervice
353 1088 446 1133 trahunt
452 1088 572 1133 stridentia
580 1089 688 1146 plaustra.

134 1161 185 1202 Non
192 1159 257 1214 lupus
267 1157 357 1203 insidias
364 1159 464 1215 explorat
471 1159 539 1203 ovilia
548 1158 648 1210 nircum,

135 1233 181 1274 Nec
190 1229 293 1286 gregibus
303 1233 427 1275 nocturnus
434 1229 576 1274 obambulat:
585 1229 657 1274 aerior
664 1229 731 1274 illum

136 1303 194 1342 cura
201 1296 286 1343 domat.
295 1297 376 1341 Timidi
386 1297 457 1342 darnae
466 1297 570 1355 cervique
578 1297 670 1353 fugaces

137 1369 203 1411 Nunc
212 1368 315 1424 interque
323 1380 389 1413 canos
396 1371 420 1413 et
425 1367 512 1412 circum
519 1371 578 1413 tecta
584 1372 704 1423 vagantur.

137 1443 189 1485 iam
196 1438 263 1481 maris
272 1438 377 1481 immensi
385 1438 479 1494 prolem,
490 1440 513 1483 et
521 1450 592 1494 genus
598 1451 666 1485 omne
673 1445 803 1492 natantum.

139 1508 215 1552 Litore
224 1507 248 1550 in
257 1510 370 1559 extremo,
386 1508 657 1566 ceunaulragacorpora.
669 1509 754 1558 fluetus

139 1577 239 1622 Proluit:
250 1577 347 1622 insolitae
353 1576 443 1633 lugiunt
452 1579 476 1622 in
486 1578 674 1638 lluminaphoeae.

139 1649 220 1694 Interit
228 1649 332 1694 etcurvis
339 1647 420 1694 frustra
428 1648 520 1696 detensa
527 1651 618 1696 latebris

139 1722 227 1777 vipera,
236 1723 259 1765 et
267 1719 362 1764 adtoniti
370 1719 469 1777 squamis
477 1719 616 1765 adstantibus
621 1719 697 1775 hydri.

140 1793 198 1848 ipsis
206 1793 240 1836 est
249 1803 287 1837 aar
296 1791 375 1835 avibus
382 1802 429 1835 non
437 1803 528 1848 aequum
537 1795 560 1837 et
570 1792 614 1836 illae

140 1863 269 1920 Praecipites
275 1863 320 1906 alta
329 1865 399 1906 vitam
408 1862 449 1906 sub
458 1862 519 1907 nube
527 1862 665 1918 relinquunt.

141 1922 303 1988 Praetereajam
311 1944 353 1977 nec
362 1931 443 1975 mutari
452 1930 533 1988 pabula
541 1928 623 1982 relert,
758 1961 772 1991 ,

139 2004 455 2060 Quaesitaequenooentartes:
471 2001 678 2057 cessaremagistri,

140 2075 273 2130 Phillyrides
287 2073 384 2124 Chiron,
396 2073 605 2128 Amythaoniusque
613 2072 748 2129 Melampus.

140 2146 219 2196 saevit.
229 2148 265 2196 et.
275 2146 380 2190 inlunem
390 2143 472 2199 Stygiis
482 2143 562 2187 emissa
572 2142 684 2194 tenebris,

141 2215 227 2261 Pallida
235 2215 355 2272 Tisiphone
364 2214 454 2258 Morbos
462 2214 509 2268 agit
517 2215 569 2258 ante
577 2215 719 2270 liciumque.

141 2289 212 2342 inque
221 2286 268 2331 dios
275 2286 367 2331 avidum
375 2297 468 2341 surgens
477 2289 545 2342 caput
553 2284 618 2328 altius
626 2282 699 2329 ellert.

142 2358 220 2403 Balatu
227 2369 335 2416 pecorum
344 2361 367 2403 et
374 2357 459 2404 crebris
466 2355 589 2411 mugitibus
597 2367 675 2401 amnes

143 2432 282 2489 Arentesque
289 2431 372 2474 sonant
381 2430 435 2485 ripae
443 2427 559 2484 collesque
568 2427 652 2484 supini.

143 2503 156 2541 J
159 2511 239 2555 amque
245 2499 376 2544 catervatim
383 2497 423 2542 dat
430 2501 535 2553 stragem,
546 2500 612 2552 atque
622 2501 713 2552 aggerat
722 2499 781 2554 ipsis

144 2572 169 2612 ln
177 2570 269 2613 stabulis
278 2569 338 2626 turpi
345 2569 429 2624 dilapsa
438 2568 546 2613 cadavera
555 2567 606 2611 tabo
615 2584 620 2609 :

84 2828 177 2888 ἢ
