1666 2964
152 413 193 455 '202
421 407 553 451 AENEIDOS
785 412 828 454 ωδ

154 509 270 548 ineassum
280 496 345 541 fletus
354 508 361 534 ι
369 506 495 552 quumsese
503 507 518 539 n
526 495 716 542 moemimhsros

153 568 278 616 Priamides
287 568 363 612 multis
369 568 470 614 Helenus
477 566 639 612 comitantibus
648 566 732 619 adfert,

154 640 325 696 adgnoscitque
332 650 392 688 suos,
401 639 512 695 laetusque
520 636 550 682 ad
557 637 634 683 nmina
641 638 715 694 duoit,

151 715 180 757 tn
188 710 287 755 multum
294 710 404 764 lacrymas
413 709 483 754 verba
491 708 650 764 intertinguia
658 708 747 755 tundit.

154 781 265 833 Procedo,
273 783 398 838 etparvam
406 781 506 834 Troiam,
518 779 768 838 simulataqusmsgnts

154 855 273 907 Pergama,
281 854 306 896 et
314 854 415 894 arentem
423 848 507 893 xamtn
516 848 739 904 eognomtrteritum

154 922 286 978 Adgnoseo,
294 920 541 975 scaeaequeamplector
547 919 627 964 limina
634 925 720 977 portas.

153 995 201 1039 dee
208 1003 256 1037 non
265 994 289 1035 et
295 992 376 1036 Teucri
383 989 445 1034 socia
452 989 583 1034 simulurbe
592 989 709 1037 fruuntur.

154 1062 209 1107 illos
218 1060 341 1118 porticibus
347 1071 388 1105 rex
396 1058 523 1115 adcipieitat
530 1061 554 1103 iu
562 1060 651 1118 amplis.

154 1133 219 1178 duim
227 1133 251 1176 in
259 1131 335 1176 medio
341 1131 443 1175 libabant
451 1132 534 1187 poeula
544 1130 636 1184 Bacchi,

152 1203 266 1260 Impositis
273 1215 329 1247 auro
336 1201 438 1258 dapibus,
451 1204 586 1258 paterasque
595 1202 713 1247 tenebant.

181 1276 278 1330 Jamque
285 1272 340 1322 dies,
348 1272 448 1327 alterque
456 1270 507 1315 dies
513 1271 631 1328 processit,
642 1274 666 1317 et
675 1283 738 1318 auras

155 1343 210 1388 vela
218 1345 308 1393 vocant,
317 1341 451 1397 tumidoque
459 1338 552 1385 inflatur
562 1341 667 1386 carbasus
679 1345 772 1389 Amtro.
805 1344 809 1353 ’

155 1413 195 1457 ilis
204 1415 279 1458 ratem
287 1411 407 1467 adgredior
414 1410 489 1463 dietis,
497 1422 523 1455 ae
533 1410 587 1455 talia
595 1421 673 1467 quaeso
684 1427 690 1455 ε
729 1422 732 1427 ·

155 1502 163 1526 ι
174 1487 310 1540 Troiugena,
323 1485 434 1539 interpres
443 1482 529 1532 divum,
540 1483 579 1538 qui
589 1483 684 1528 numina
694 1483 777 1533 Phuni.

155 1554 200 1607 Qui
208 1553 316 1611 tripodas,
326 1553 396 1597 Clarii
405 1552 488 1604 lauros,
498 1555 537 1609 qui
545 1551 619 1597 sidera
626 1554 703 1604 sentis.

152 1628 181 1670 ut
188 1624 310 1671 volucrum
318 1624 413 1681 linguas,
421 1627 444 1668 et
451 1625 556 1681 praepetis
565 1624 642 1668 omina
650 1636 743 1682 pennae,

150 1699 207 1742 Fare
214 1707 255 1750 age
264 1699 373 1752 (namque
379 1706 471 1740 omnem
476 1706 569 1739 cursum
574 1694 630 1739 mihi
638 1707 750 1754 prospera
758 1695 810 1740 dixit

151 1768 251 1823 Religio,
262 1770 285 1812 et
292 1767 368 1812 cuncti
375 1769 494 1811 suaserunt
502 1767 596 1811 numine
605 1766 650 1810 divi

152 1839 239 1885 italiam
246 1841 337 1896 petere,
347 1842 370 1884 et
379 1842 452 1883 terras
460 1841 549 1884 tentare
557 1843 674 1896 repostas:

152 1911 203 1955 sola
213 1921 300 1954 novum
308 1909 414 1966 dictuque
422 1909 484 1955 netas
494 1911 594 1967 Harpyia
603 1911 696 1956 celeno

152 1981 284 2037 Prodigium
292 1982 367 2034 canit,
379 1983 402 2025 et
412 1982 486 2025 tristes
495 1981 616 2025 denuntiat
624 1982 681 2033 iras,

153 2051 324 2106 obscenamque
333 2049 435 2100 tamem).
445 2061 495 2105 quae
504 2050 577 2106 prima
583 2052 686 2107 pericula
693 2052 761 2096 vito?

153 2121 241 2174 Quidve
251 2132 347 2178 sequens
354 2123 429 2165 tantos
436 2120 520 2176 possim
530 2133 636 2178 superare
644 2121 750 2167 labores?
759 2138 770 2162 ι

184 2192 226 2238 ilic
236 2192 350 2241 Helenus,
361 2192 424 2236 cesis
432 2192 533 2247 primum
542 2190 570 2236 de
579 2203 643 2237 more
650 2193 769 2247 juvencis.

151 2264 235 2306 Exorat
243 2274 323 2319 pacem
332 2261 421 2311 dudm,
432 2263 543 2318 ritusque
552 2263 646 2307 resofvit

150 2334 233 2378 sacrati
240 2333 330 2391 capitis,
339 2344 421 2390 meque
430 2332 460 2376 ad
468 2334 507 2377 tua
515 2333 605 2382 iimina,
614 2332 714 2383 Pnoebe,

150 2407 275 2462 ipsernano
283 2406 356 2450 mutto
364 2415 499 2462 suspensum
506 2405 602 2449 numine
610 2404 686 2455 dueits

150 2480 225 2533 Atque
234 2477 282 2523 iseo
293 2476 376 2523 deinde
384 2477 447 2522 canit
457 2475 536 2520 divino
545 2488 572 2521 ex
580 2487 622 2520 ore
631 2474 755 2520 saoerdos:

174 2549 249 2592 «Nate
258 2547 300 2593 dea
315 2550 385 2603 (uam
394 2551 416 2592 te
426 2546 546 2601 majoribus
554 2547 586 2591 ire
600 2546 719 2602 peraltum

29 2768 197 2868 A
