1666 2964
194 391 233 434 102
440 387 606 431 uuonolcou
818 388 828 429 i

193 477 222 518 nt
228 475 317 520 stabula
325 473 458 530 adspectans
467 472 543 528 regnis
551 473 645 520 emersit
652 473 726 518 avitia.

193 547 253 600 Ergo
258 544 322 589 omni
330 555 388 588 onra
396 543 456 589 vires
464 544 564 595 exercet,
573 544 598 588 et
606 543 668 588 inter

194 617 256 658 Dura
261 614 322 670 jacet
330 625 417 669 pernox
424 614 521 658 instrato
529 624 581 658 oaxa
587 612 657 658 oubili
666 645 673 662 .

193 687 320 733 Frondibna
327 686 699 743 himntieetoarioepastreaenta;

193 761 221 803 ut
228 760 301 804 tentat
308 769 371 810 rese,
382 759 450 814 atque
461 757 527 815 ipaaei
536 757 560 801 in
567 767 655 802 cornua
662 756 731 802 ducit

194 829 288 875 Arboris
296 829 390 874 obnixus
401 831 495 878 trunco,
505 831 631 885 ventosque
638 829 730 877 lacessit

193 899 287 951 letibus,
298 899 437 956 etspanaad
448 910 549 956 pugnam
555 897 656 956 proludit
665 910 743 944 arena.

194 972 261 1035 Post,
269 970 307 1014 uhi
316 969 438 1014 collectum
447 969 520 1013 robur
526 969 632 1024 viresque
641 967 746 1023 reiectae,

193 1041 261 1096 Signa
267 1043 357 1087 movet.
367 1050 512 1097 praeeepeqoe
521 1039 617 1084 oblitum
623 1037 695 1084 tertur
701 1040 726 1084 in
733 1039 823 1087 hostem

194 1113 286 1157 Fluctua
295 1112 341 1162 nti,
350 1109 502 1167 medioeoepit
509 1120 582 1166 quom
589 1107 703 1155 albescere
709 1115 796 1167 ponto,

193 1183 292 1238 Longius
300 1182 504 1238 exaltoquesinnm
511 1179 594 1229 trahit:
606 1181 693 1237 utque,
704 1181 797 1226 volutus

195 1252 231 1296 Ad
240 1257 310 1298 terrea
318 1283 324 1303 ,
333 1254 432 1298 immane
441 1252 507 1296 sonat
516 1261 558 1308 per
564 1261 630 1302 saxa.
641 1261 716 1306 neque
723 1251 774 1308 ipso

195 1325 272 1369 Monte
277 1323 354 1368 minor
361 1322 505 1381 procumbit;
514 1325 538 1366 at
545 1321 591 1366 ima
599 1323 706 1366 exestuat
712 1321 775 1366 unda

195 1393 323 1438 vorticibus
331 1424 337 1443 ‚
345 1395 479 1449 nigramque
488 1393 532 1437 alte
539 1391 648 1447 subjectat
655 1402 755 1437 arenam.

221 1461 828 1519 omneadeogenusintenishominnmqueterarumq

195 1535 300 1590 Etgenua
311 1545 453 1591 aequoreum.
460 1533 690 1590 pecudee‚piotaeque
699 1533 817 1584 volueres.

195 1607 222 1647 ln
230 1603 299 1650 tinias
307 1605 427 1661 ignemque
436 1607 508 1649 ruunt
517 1621 523 1647 z
531 1615 596 1648 amor
604 1603 709 1648 omnibns
717 1603 789 1650 idem.

195 1678 305 1732 Tempore
313 1687 362 1720 non
369 1676 414 1721 aiio
422 1677 550 1721 catulorum
559 1674 628 1718 oblita
636 1675 709 1719 leena

195 1747 279 1792 sevior
287 1747 463 1803 erraviteampis
470 1765 477 1799 ς
483 1756 526 1791 nec
536 1745 615 1791 ionem
625 1745 696 1800 vulgo

194 1820 250 1861 Tam
258 1818 331 1862 mulia
338 1817 447 1862 informes
454 1817 502 1861 ursi
510 1819 652 1872 stragemque
659 1813 747 1861 dedere

195 1887 322 1938 Persilvas3
335 1889 383 1930 turn
391 1899 465 1931 saevus
471 1898 532 1944 aper,
541 1888 590 1929 tum
597 1886 695 1943 pessima
702 1887 776 1942 tigris.

196 1961 257 2003 ileo!
268 1959 326 2003 male
335 1961 384 2001 tum
392 1957 467 2012 Libyae
475 1957 527 2002 solis
537 1960 627 2003 erratur
634 1957 660 2000 in
668 1958 740 2013 agris!

222 2031 304 2075 Nonne
313 2029 377 2074 vides
390 2030 416 2073 ut
425 2030 474 2073 tota
482 2030 568 2073 tremor
577 2030 691 2084 pertentet
699 2040 816 2086 equorum

195 2102 295 2156 corpora
302 2131 307 2147 ,
315 2099 334 2143 ei
343 2100 432 2143 tantum
442 2099 508 2142 notas
518 2097 576 2142 odor
584 2098 665 2142 adtulit
672 2100 758 2142 auras?

196 2172 229 2213 Ac
235 2180 308 2225 neque
315 2179 353 2213 eos
359 2171 407 2223 jam
417 2166 480 2212 irene
487 2168 570 2218 virum,
580 2180 654 2225 neque
664 2169 762 2214 verbera
768 2183 828 2216 seva

197 2241 216 2282 N
218 2250 248 2283 on
257 2239 345 2296 scopuli
352 2249 464 2296 rupesque
473 2249 541 2288 cavae,
549 2242 616 2295 atque
624 2238 712 2293 obieeta
718 2242 828 2289 retardari

197 2309 311 2360 Flumina,
322 2313 438 2366 correptos
447 2308 509 2353 unda
517 2311 648 2366 torquentia
655 2315 756 2358 montes.

197 2383 247 2435 lpse
256 2381 314 2431 ruit,
323 2379 447 2435 dentesque
454 2379 577 2424 sabellicus
583 2380 674 2424 exacuit
682 2393 732 2432 eus,

198 2453 225 2492 iit
234 2449 291 2505 pede
300 2451 426 2506 prosubigit
433 2452 528 2499 terram,
539 2449 605 2494 irioa't
613 2450 693 2496 arbore
701 2454 790 2504 costas,

199 2523 272 2575 Atque
280 2521 332 2565 hino
338 2523 403 2576 atque
411 2520 479 2570 illinc,
488 2518 640 2576 humerosque
648 2520 676 2565 ad
683 2521 779 2568 volnera
787 2523 828 2568 rior
