1666 2964
200 189 238 227 ito
447 182 614 223 GEORGICON

199 277 232 316 Tu
240 276 315 315 tamen
324 282 337 315 e
346 269 389 314 ieri
396 269 480 312 rimosa
487 267 570 313 cubilia
578 267 632 312 iimo

200 346 264 397 Unge
271 341 348 386 fovens
356 343 442 386 circum
448 371 454 394 ‚
461 343 485 385 et
491 353 553 387 raras
559 353 626 398 super
632 340 700 396 iniiee
710 338 812 385 bondoe.

200 416 248 458 Neu
257 413 349 469 propius
357 412 420 457 tectis
430 416 504 457 taxum
511 413 571 462 sine;
581 423 639 457 neve
645 410 753 456 rubentes

200 487 245 528 Ure
252 481 303 528 ioco
311 494 418 533 canerem
428 484 479 527 altae
488 494 534 528 neu
547 482 614 527 erede
622 481 712 539 punffi,

200 555 290 599 Autubi
298 554 355 599 odor
363 554 516 610 eoenigravis.
527 557 566 598 aut
573 553 611 598 ubi
620 563 721 599 eonem
732 553 801 609 pulsu

200 630 256 671 saxa
264 628 358 677 sonant,
366 626 472 683 vocisque
481 623 567 670 oiieusa
576 626 669 670 resultat
675 624 762 678 imago.

227 697 294 751 Quod
301 702 413 754 superest,
423 697 461 740 uhi
467 697 556 753 pulsam
564 696 661 741 hiemem
670 696 708 739 soi
716 706 800 740 aurem
807 707 831 745 e:

201 766 246 810 sub
252 770 333 819 terras,
341 767 469 825 celumque
476 767 554 811 estiva
561 766 614 812 luce
622 765 729 811 reclusus

200 837 248 882 111ae
257 839 441 882 continuosaltus
449 838 560 894 silvasque
567 839 699 895 peragrant,
731 886 735 891 ,

201 911 375 965 Purpureosque
384 911 473 954 metunt
481 908 561 959 flores.
570 912 593 954 et
599 906 693 953 flumina
703 908 788 953 libuit·

203 983 294 1023 summa
302 977 371 1024 leves.
383 979 444 1023 Hine
452 979 530 1024 neseio
537 990 580 1035 qua
588 977 708 1023 dulcedine
717 978 776 1023 letas

202 1050 338 1103 Progeniem
349 1049 460 1107 nidosque
466 1048 544 1094 invent
553 1065 560 1092 ι
569 1048 623 1094 hine
631 1053 679 1092 arte
685 1051 791 1095 recentes

202 1117 402 1170 musmones,
411 1124 434 1164 et
442 1118 510 1163 mella
520 1118 608 1163 tenaoia
616 1116 714 1174 fingunt.

203 1189 275 1240 Hine,
284 1189 323 1234 ubi
329 1192 377 1245 jam
385 1191 492 1234 emissum
500 1189 573 1234 caveis
580 1187 610 1233 ad
617 1187 692 1233 sidera
700 1189 753 1234 coeli

203 1261 263 1304 Nare
270 1272 311 1317 per
319 1263 419 1305 aestatem
425 1260 532 1316 liquidam
542 1260 667 1317 suspexeris
674 1270 770 1314 agmen.

203 1329 370 1386 obscuramque
379 1329 437 1375 trahi
444 1332 513 1375 vento
521 1329 631 1375 mirabere
640 1327 740 1379 nubem3

204 1402 387 1457 contemplatore
396 1412 464 1456 aquas
471 1400 560 1454 unless,
568 1405 592 1444 et
604 1398 699 1443 frondea
706 1410 798 1455 semper

204 1473 272 1516 Teeta
279 1474 368 1528 petunt.
377 1475 428 1516 Huc
436 1472 539 1525 tujussos
545 1470 653 1527 adsperge
661 1480 769 1525 sapores,

204 1541 266 1586 Trita
274 1541 424 1599 melisphylla,
431 1544 454 1584 et
462 1541 570 1585 cerinthae
578 1540 676 1596 ignobile
683 1551 790 1595 gramen;

205 1613 364 1668 Tinnitusques
371 1612 406 1658 eie
414 1643 420 1663 ‚
429 1613 453 1656 et
462 1613 535 1656 Manis
544 1613 610 1669 quate
619 1609 723 1665 cymbala
732 1611 831 1655 circuni.

205 1684 261 1738 ipse
270 1682 389 1727 consident
396 1680 512 1726 medicatis
520 1681 610 1725 sedibus
618 1697 625 1723 ι
634 1680 688 1737 ipsae

209 1754 291 1799 intima
299 1765 363 1798 more
369 1764 411 1798 suo
419 1764 467 1798 sese
476 1753 501 1796 in
510 1752 622 1797 cunabula
628 1750 736 1795 condent.

230 1823 270 1868 sin
279 1826 355 1869 autem
364 1824 393 1869 ad
401 1834 500 1881 pugnam
507 1823 601 1869 exierint
609 1826 674 1877 (nam
683 1821 810 1878 sepeduob

206 1892 305 1948 Regibus
311 1894 403 1939 incessit
411 1905 495 1948 magno
503 1892 615 1938 discordia
622 1893 687 1936 motu
693 1894 709 1944 i,

207 1966 366 2021 continuoque
373 1965 459 2009 animos
467 1964 528 2019 vulgi
535 1968 559 2009 et
567 1962 704 2020 trepidantia
713 1961 777 2007 bello

207 2034 282 2081 corda
288 2034 341 2080 lieet
347 2037 414 2091 longe
419 2035 562 2092 praeseisoere
572 2045 684 2091 :namque
690 2035 806 2077 morantes

207 2106 299 2150 Martius
305 2105 343 2150 iiie
350 2106 400 2150 eris
409 2105 470 2149 rauei
478 2116 549 2149 canor
558 2104 673 2161 inorepat,
681 2105 705 2148 et
711 2112 757 2147 vox

208 2174 306 2219 Auditur
312 2172 395 2221 iraetos
403 2174 488 2220 sonitus
496 2174 582 2218 imitata
591 2174 705 2218 tubarum.

208 2250 265 2290 Turn
273 2246 366 2302 trepide
374 2246 566 2297 intes-secenum,
576 2244 702 2301 pennisque
709 2246 831 2290 eornseant

208 2316 340 2375 spieulaque
348 2318 461 2363 exacuunt
469 2315 554 2365 rostris.
563 2316 686 2372 aptantque
692 2315 804 2364 lacertum

133 2546 255 2592 Α.
