1666 2964
163 447 189 491 tt
304 440 316 497 '¹
407 446 576 491 ouonoicori
784 447 824 491 258

162 531 290 584 murino,
301 535 339 576 aut
344 532 434 578 bedero
443 531 647 590 panduntreatigta
655 534 736 592 nigre.

183 603 224 648 tiis
231 601 497 654 animadversis,terram
503 603 576 648 ruuito
583 606 636 648 ante
644 607 763 650 memento

161 675 303 730 monuere,
312 675 336 718 et
340 684 435 728 magnos
443 673 560 718 scrobibus
568 673 692 721 roueidere
700 678 802 725 montes.

162 746 223 789 Ante
229 743 343 801 supinatas
351 743 459 800 Aquiloni
466 743 585 790 ostendere
592 743 667 800 glebas
675 776 682 795 .

162 812 485 866 Qusmlaetuminiodiassiiis
492 814 743 872 genusoptimaputri

163 887 224 929 Arva
231 883 292 928 solo:
302 883 326 928 td
332 883 396 929 venti
405 887 496 932 rurant.
505 884 630 941 gelideque
636 884 741 940 prunum.

162 953 306 1000 Etlsbeiaota
311 965 405 999 movens
411 955 601 1012 robustusjugera
614 953 695 1001 iossor.

163 1022 489 1080 At‚siquosbuuduliaviros
497 1023 692 1082 vigilantiatugit,

163 1097 223 1139 Ante
229 1096 306 1140 locum
315 1094 411 1140 similem
417 1094 549 1152 exquirunt,
559 1095 598 1140 ubi
607 1095 682 1152 prima
688 1100 782 1154 puremr
792 1124 798 1134 ·

164 1164 286 1210 Arboribus
294 1174 356 1220 seges
363 1196 369 1217 ,
376 1167 399 1210 et
407 1176 454 1221 quo
463 1176 516 1210 mox
523 1164 610 1220 digesta
617 1162 714 1216 temtum

164 1237 272 1281 Mutrium
280 1235 708 1291 ignorentsubitonesemiuamatrem.
796 1258 799 1263 >

163 1306 224 1359 Quin
232 1305 302 1351 etiam
309 1303 359 1350 eoeli
370 1304 486 1360 regionem
494 1305 518 1348 in
527 1304 723 1361 eortioesignantr

164 1376 205 1426 Ut,
217 1386 263 1432 quo
274 1387 368 1432 queque
376 1374 444 1420 modo
453 1375 551 1425 steterit.
562 1386 607 1432 qua
615 1376 680 1432 parte
688 1375 776 1420 enores

166 1447 284 1492 Austrinos
292 1446 382 1500 tulerit,
391 1458 440 1502 quae
450 1449 514 1503 terga
524 1446 646 1492 obverterit
654 1447 704 1498 axi,

165 1517 304 1568 aestimarem
314 1516 371 1561 adeo
383 1517 406 1559 in
416 1517 498 1562 teneris
505 1527 651 1562 consuescere
659 1515 813 1560 muitumestt

169 1585 279 1638 collibus,
288 1597 317 1630 au
325 1587 393 1642 plano
402 1588 482 1632 melius
488 1589 518 1631 sit
531 1599 616 1644 ponere
624 1586 710 1637 ntem.

164 1659 245 1710 Quoere
253 1657 324 1713 prius.
330 1657 353 1701 si
360 1659 450 1715 pinguis
459 1671 524 1714 agros
530 1658 643 1704 metabere
649 1659 727 1716 earupt
735 1689 751 1714 ,y

165 1731 238 1774 bema
247 1739 296 1774 sere
305 1744 312 1772 r
321 1728 345 1771 in
355 1728 425 1774 denso
431 1741 479 1774 non
486 1728 578 1785 segnior
585 1727 654 1773 ubere
664 1726 778 1773 Baoebm.

164 1799 203 1842 Sin
212 1799 304 1844 tumulis
311 1798 476 1845 adclivesoium
483 1799 596 1855 collesque
604 1797 710 1855 supinos,

164 1868 259 1924 indulge
266 1869 390 1914 ordinibus.
400 1872 448 1915 Neo
456 1869 527 1916 secius
536 1869 610 1913 omnis
618 1869 643 1912 in
649 1880 753 1925 unguem

165 1938 288 1983 Arboribus
296 1939 373 1996 positis
381 1939 485 1984 seetovia
492 1938 563 1982 limite
572 1937 676 1993 quadret.

165 2009 272 2064 merope,
281 2008 369 2064 ingenti
373 2008 433 2054 bello
443 2018 513 2064 quum
520 2009 590 2062 longa
598 2007 705 2052 cohortes

165 2079 276 2135 Explicuit
281 2080 341 2135 legio
349 2111 355 2130 ‚
365 2081 388 2125 et
396 2090 476 2135 eampo
485 2078 546 2123 stetit
555 2088 637 2132 agmen
646 2079 742 2134 aperto,

166 2150 306 2206 Direetaeque
314 2152 383 2201 aeies,
393 2160 419 2195 ae
426 2151 470 2195 late
478 2148 571 2194 fluctuat
577 2148 651 2193 omnis

166 2222 216 2264 AEre
225 2220 339 2265 renidenti
349 2220 425 2270 teitus,
433 2217 532 2264 necdum
539 2217 635 2261 horrida
641 2217 740 2262 misoent
787 2256 792 2265 .

166 2286 740 2339 Praeiia,seddubiusmediisttarserratinarmis:

166 2359 247 2402 omnia
253 2359 299 2403 sint
305 2359 397 2416 paribus
402 2358 502 2403 numeris
511 2356 612 2401 dimensa
621 2356 723 2407 viarum;

167 2433 186 2473 Ν
189 2441 220 2473 οη
228 2429 330 2474 animum
338 2430 407 2475 modo
416 2430 449 2474 uti
457 2431 535 2486 paseat
543 2428 674 2485 prospectus
681 2427 775 2472 inanem
783 2457 790 2478 ,

167 2499 211 2545 sed
218 2499 326 2555 quianon
336 2501 401 2545 aliter
408 2500 467 2544 vires
474 2497 648 2543 dabitomnibus
655 2506 731 2551 aequas

167 2574 248 2619 Terra.
259 2571 364 2628 nequein
370 2581 465 2616 vacuum
475 2571 584 2625 poterunt
589 2581 613 2613 se
620 2566 742 2612 extendere
752 2565 818 2612 rami.
