1666 2964
160 410 187 453 60
408 412 575 453 euoueicon

159 500 204 541 Aut
214 497 244 541 ibi
253 496 310 542 flava
319 508 391 546 seres,
403 499 489 542 niuutu
494 496 580 546 sidere.
591 495 660 545 ia'rra.

158 568 223 614 Unde
230 569 292 626 prius
300 571 377 614 laetum
383 569 462 623 siliqua
469 571 587 623 quassante
595 569 712 623 tegumen,

158 643 204 684 Aut
213 642 286 685 tenuis
295 640 352 686 fetus
359 641 434 688 vicie,
444 640 557 695 tristisque
565 639 637 695 lupini

157 712 275 756 sustuleris
282 711 372 765 fragiles
380 711 491 760 calamos,
501 711 624 766 silvamque
633 714 765 757 sonantem.

157 784 207 826 Urit
214 786 276 829 enim
284 784 324 828 iini
334 792 439 837 campum
446 793 521 836 seges.
531 781 577 825 urit
585 793 678 833 avenae3

156 855 231 896 Urunt
239 853 329 898 eetnaeo
337 852 427 910 perfusa
435 862 548 908 papavera
557 863 646 895 somno.

155 923 198 968 Sed
206 927 281 968 tamen
290 923 381 968 alternis
392 921 462 966 iaeilis
470 921 545 973 laben
554 922 616 966 arida
624 925 713 967 tantum

156 997 189 1039 Ne
197 997 296 1039 saturare
304 992 358 1037 iimo
367 993 445 1049 pingui
453 992 536 1050 pudeat
545 993 604 1045 sola,
616 1004 674 1038 neve

154 1066 237 1111 Edetes
245 1067 345 1112 cinerem
354 1065 496 1108 immundum
499 1066 584 1118 jactare
591 1077 633 1121 per
642 1076 717 1119 agros.
749 1104 753 1121 ,

154 1139 189 1182 sie
198 1149 288 1194 quoque
297 1137 388 1180 mutatis
399 1137 542 1192 requiescunt
550 1135 630 1180 fetibus
638 1147 702 1186 arra3

155 1210 201 1253 Nee
210 1208 272 1252 nulla
278 1208 365 1251 interea
375 1209 409 1250 est
416 1207 508 1250 inaratae
518 1206 590 1259 gratia
598 1208 672 1250 terra.

154 1283 217 1336 saepe
225 1280 294 1323 etiam
302 1277 388 1322 steriles
397 1277 518 1321 incendere
526 1276 612 1332 prefuit
621 1288 699 1331 agros.

155 1351 228 1404 neque
234 1349 307 1394 ierem
316 1349 420 1404 stipulam
429 1347 590 1403 crepitantibus
598 1358 663 1390 urere
674 1346 784 1401 iiaruniis;

153 1419 203 1463 sive
209 1418 263 1463 inde
274 1419 372 1462 occuitus
380 1418 438 1462 vires
446 1420 469 1461 et
478 1417 558 1472 pabula
566 1419 630 1461 terrae

155 1489 249 1543 Pinguia
258 1489 402 1543 ceneIpiunt,
413 1488 459 1532 sive
467 1488 509 1531 illis
520 1498 588 1531 einne
599 1487 724 1541 perignem

153 1559 290 1614 Exsequitur
298 1558 389 1606 vitium,
401 1561 466 1612 atque
478 1557 569 1601 exsudat
577 1556 762 1609 inutilishunier3

153 1634 197 1674 seu
207 1629 280 1686 plures
288 1630 350 1672 ester
359 1629 395 1673 iile
402 1631 449 1673 rias
465 1631 487 1672 et
497 1640 557 1673 caeea
566 1629 648 1672 relaxat

153 1699 303 1756 spiramenta,
314 1710 384 1742 nevas
393 1700 469 1743 veniat
479 1711 523 1754 qua
532 1710 612 1742 succus
622 1699 645 1740 in
655 1698 749 1750 heroam
770 1710 775 1719 ’

152 1775 195 1816 Seu
205 1770 270 1815 durat
276 1771 356 1824 magis,
367 1773 390 1814 et
399 1783 466 1814 venas
476 1769 594 1824 adstringit
602 1769 691 1814 hiantes
700 1801 706 1818 ‚

151 1845 183 1886 Ne
191 1846 269 1886 tenues
276 1842 357 1898 pluviae
366 1873 371 1890 ‚
382 1841 481 1897 rapidive
488 1841 588 1897 petentia
597 1842 649 1885 sotis

152 1914 238 1963 Aerior.
251 1916 289 1958 aut
297 1917 374 1958 Bereae
382 1912 519 1969 penetrabile
528 1912 596 1965 frigus
607 1913 693 1956 adurat.

177 1983 271 2027 Multum
280 1983 346 2032 adeo,
359 1985 433 2026 rastris
440 1983 515 2036 glebas
525 1983 563 2039 qui
575 1982 658 2038 trangit
665 1984 761 2032 inertes.

151 2055 304 2111 vimineasque
314 2053 380 2098 trahit
388 2057 471 2102 crates,
484 2054 548 2106 juvat
557 2065 610 2096 arua
618 2069 624 2102 ;
633 2064 706 2108 neque
717 2055 780 2098 illuni

153 2126 220 2170 Flava
227 2130 293 2170 Ceres
300 2128 345 2170 alto
353 2125 505 2180 nequidquam
511 2126 597 2179 spectat
604 2124 713 2180 Olympo:

152 2197 180 2238 et
188 2196 226 2251 qui
235 2227 240 2246 ,
251 2196 361 2251 proscisso
370 2207 419 2251 quas
426 2196 518 2239 suscitat
525 2205 615 2249 aequere
623 2198 696 2249 terga,

153 2268 236 2312 Rursus
244 2268 268 2310 in
276 2268 391 2324 obliquum
399 2279 465 2312 verso
474 2269 600 2323 perminpit
609 2270 695 2315 aratro,

152 2340 289 2399 Erereetque
299 2337 403 2395 frequens
412 2340 527 2386 tellurem,
537 2341 605 2394 atque
612 2339 708 2394 imperat
717 2341 788 2385 arvis.

179 2407 276 2453 Humida
282 2409 375 2452 solstitia
382 2412 448 2464 atque
457 2407 542 2453 hiemes
550 2410 612 2451 orate
621 2419 723 2456 serenas,

153 2479 263 2535 agricole
273 2496 279 2522 ι
289 2479 383 2523 hiberno
390 2481 501 2527 tutissima
511 2480 602 2533 pulvere
612 2478 680 2527 iarra,

153 2552 223 2596 Latus
231 2561 295 2605 ager:
307 2549 368 2593 nuile
379 2552 464 2594 tanturn
472 2561 495 2593 se
505 2550 574 2603 Mysia
582 2549 644 2593 cuitu

48 2758 182 2872 ’Ἰ
