1666 2964
206 210 232 247 tlt
451 205 616 246 GEORGICON

207 297 261 346 Qun
269 291 383 347 vigilanda
392 291 459 334 viris?
472 291 518 341 rel,
527 302 597 346 quum
605 292 651 335 ruit
658 291 802 337 imbriferum
811 305 832 336 r·

207 362 798 421 spiceajarncampisquummessisinhorruit,etqu
829 384 832 402 t

208 433 361 476 Frumentum
372 431 439 476 viridi
447 432 530 489 stipula
537 433 644 477 lactentia
653 435 763 488 turgent?

206 506 270 560 sepe
279 514 334 558 ego,
345 514 416 559 quum
424 501 487 546 ssavis
496 513 618 547 messorem
628 501 750 549 induceret
761 506 822 549 arvis

209 573 325 629 Agricola.
336 578 359 618 et
368 573 493 628 tragilitam
501 575 622 629 stringeret
629 574 715 620 horden
722 576 814 625 orrlrno,

207 646 287 689 omnia
295 647 415 690 ventomm
424 654 559 689 concurrere
568 645 711 701 preliandi,

207 718 261 768 Quae
271 715 388 771 gravidum
396 714 440 759 lete
449 715 582 770 segetemab
595 715 708 760 radicibus
719 717 772 761 imis

208 787 307 832 sublime
316 788 431 844 expulsam
440 790 547 831 emerent
556 803 562 830 ε
572 788 604 830 ita
612 787 702 832 turbine
711 789 780 844 nigro

208 859 362 904 Ferrethiems
371 858 516 914 culmumque
529 858 602 902 levem
615 859 754 915 stipulasque
762 860 829 905 volun

207 932 270 987 saepe
280 929 347 974 etiam
354 929 489 973 immensum
499 929 557 972 culo
563 929 713 984 venitagmen
720 941 829 986 eqnsmm

208 1003 237 1043 nt
246 999 328 1045 ioedem
337 1000 464 1053 glomerent
472 999 628 1054 tempestatem
636 998 746 1043 imbribus
753 1001 807 1044 atris

207 1069 312 1115 collecte
319 1081 345 1114 ex
355 1070 401 1112 alto
409 1067 493 1112 nubes:
503 1068 549 1111 ruit
557 1067 639 1111 omnus
648 1068 726 1120 aetlrer,

208 1140 236 1182 nt
241 1139 318 1196 pluvia
326 1138 412 1194 ingenti
417 1140 465 1183 seta
471 1139 521 1182 lete
527 1139 642 1194 boumque
648 1139 737 1184 labores

208 1210 289 1261 neuin
296 1210 419 1266 implentur
426 1208 500 1262 iossae,
510 1213 533 1254 et
540 1220 595 1254 cura
603 1209 697 1254 flumina
705 1214 808 1256 creseunt

207 1285 264 1325 cnm
271 1282 346 1325 sonitu
354 1312 359 1331 ‚
367 1280 482 1335 terretque
490 1277 785 1338 iretisspirnntihusaequor.

208 1355 258 1408 lpse
267 1354 347 1400 Peter,
358 1350 431 1395 media
439 1351 569 1395 nimborum
578 1351 601 1394 in
610 1348 679 1395 noete
685 1384 691 1402 ‚
702 1364 798 1398 corusca

207 1421 310 1466 Fulmina
317 1422 409 1465 molitur
417 1421 509 1465 dextra:
519 1434 564 1477 quo
574 1423 669 1465 maxima
678 1426 742 1467 motu

207 1496 276 1539 Terra
283 1493 372 1543 tremit;
382 1491 459 1547 lugere
467 1492 531 1542 teron
539 1495 562 1536 et
569 1493 673 1536 mortalia
681 1494 753 1537 eorda

208 1565 334 1619 Pergentes
344 1562 435 1607 humilis
442 1563 520 1607 stravit
528 1574 612 1619 povorr
625 1563 663 1607 ille
672 1561 776 1618 flagranti

208 1633 333 1688 teutho,
341 1636 380 1678 eut
389 1633 525 1690 Rhodopen,
536 1634 574 1677 aut
580 1635 625 1678 elta
634 1635 744 1679 Ceraunia
750 1636 798 1679 telo

208 1705 300 1759 DeJieit3
309 1704 449 1760 ingeminent
460 1705 535 1748 Austri
543 1707 566 1749 et
576 1705 721 1750 densissimus
729 1705 816 1755 imber;

207 1776 274 1820 Nune
281 1787 374 1819 nemora
384 1775 470 1829 ingenti
480 1776 561 1826 rento,
571 1786 633 1819 nune
642 1775 716 1824 litore.
727 1775 830 1830 plangun

234 1850 283 1890 lloe
289 1850 392 1891 metuens
400 1879 405 1896 .
413 1844 464 1890 eruli
474 1858 560 1890 menses
570 1850 592 1891 et
599 1847 671 1890 sidere
680 1858 752 1896 serva,

207 1915 295 1971 Frigido
303 1917 394 1961 Saturni
402 1928 450 1961 sese
459 1928 504 1971 quo
511 1916 575 1960 stelle
582 1919 695 1971 receptet;

206 1989 267 2040 Quos
274 1987 332 2041 ignis
340 1986 392 2031 omli
401 1987 514 2042 cyllenius
524 1988 584 2030 erret
594 1986 618 2029 in
627 1986 701 2029 orbes.

207 2059 233 2100 ln
240 2056 318 2113 primis
324 2069 434 2102 venerere
442 2057 496 2101 deos
504 2089 510 2107 ‚
518 2060 585 2113 atque
593 2069 668 2101 annua
675 2067 762 2111 magne

206 2130 273 2173 suere
281 2126 341 2172 reter
349 2130 426 2173 Cereri
435 2159 440 2177 ,
451 2128 508 2171 letis
517 2131 621 2185 operatus
629 2129 654 2171 in
663 2126 739 2172 herbis
747 2160 752 2176 .

206 2201 315 2244 Extremae
322 2200 363 2243 sub
370 2211 446 2244 essum
453 2200 533 2244 hiemis
540 2231 546 2254 ,
553 2201 600 2254 jam
608 2210 660 2244 vere
667 2210 755 2243 sereno.

206 2271 269 2313 'lune
277 2269 372 2326 pingues
378 2270 429 2325 agni
439 2302 444 2320 ‚
455 2272 478 2314 et
486 2273 541 2314 tune
550 2270 679 2314 mollissima
687 2270 756 2319 vina;

206 2343 269 2384 Tune
282 2341 356 2384 somni
364 2339 451 2387 dulces,
460 2339 579 2396 (lenteque
587 2340 609 2384 in
619 2340 733 2383 montibus
742 2339 829 2382 umbre·
