1666 2964
84 119 132 162 72t
357 119 441 159 llssllu
456 121 503 159 xli.
719 125 752 164 tlt

84 208 239 250 concurrunt
246 204 331 260 clipeis.
341 207 423 259 ingens
433 192 509 259 fragor
518 205 602 250 aethera
608 209 714 263 complet.

86 277 201 335 ¹luppiter
211 277 257 332 ipse
267 275 322 319 duas
330 281 418 330 aequato
427 276 528 320 examine
540 278 617 322 lances

86 349 207 395 sustinet,
218 352 241 391 et
248 346 293 390 lata
303 346 401 402 imponit
409 347 498 391 diversa
505 346 613 397 duorum;

87 422 169 472 Quem
177 417 268 462 damnet
276 417 346 466 labor.
357 421 381 461 et
389 429 435 472 quo
444 421 523 470 vemat
532 417 633 472 pondere
641 418 720 463 letum.

87 490 185 534 Emicat
194 487 243 538 hic.
255 488 348 544 impune
355 490 451 544 putans.
463 491 486 531 et
493 498 588 544 corpore
598 491 648 533 tcto

89 562 150 606 Alte
158 558 271 602 sublatum
281 557 398 612 consurgit
407 561 495 602 turnus
504 558 528 600 in
538 569 628 608 ensem.

90 634 123 675 ut
132 628 195 672 ierit.
204 629 334 672 Exclamant
342 628 412 671 Trois
420 628 547 684 trepidique
556 628 644 680 latini,

91 699 247 755 Adrectaeque
255 699 373 743 amborum
382 699 449 743 acies.
459 702 489 743 at
497 697 597 755 perfidus
605 699 665 744 ensis

92 769 228 825 Fremitum
238 771 262 812 in
270 770 392 825 medioque
400 769 518 814 ardentem
526 768 611 814 deserit
616 769 665 814 ictu
677 785 683 812 ε

92 841 125 886 Ni
134 839 188 895 luga
195 838 294 883 subsidio
300 838 387 883 subeat.
401 839 469 893 Fugit
477 848 551 892 ocyor
556 841 630 888 Euro,

93 913 129 954 nt
135 911 242 965 capulum
250 909 353 964 ignotum
363 907 511 964 dextramque
521 907 622 965 adspexit
629 910 749 954 inermem.

94 985 169 1025 Fama
178 982 213 1024 est
222 979 373 1035 praecipitem,
382 990 452 1033 quum
462 979 564 1034 primatu
574 979 648 1034 petella
654 982 746 1034 junctus

98 1050 272 1096 conscendebat
281 1060 351 1104 equos
360 1079 367 1103 ,
377 1048 452 1104 patrio
459 1059 569 1093 mucrone
577 1049 671 1099 relicto,

102 1123 162 1165 Duru
169 1119 282 1178 trepidat.
292 1118 376 1165 ferrum
386 1120 470 1174 surige
479 1120 578 1176 rapuisse
585 1121 669 1166 Metisci
679 1137 685 1173 ;

101 1189 172 1247 ldqne
181 1191 234 1242 diu,
243 1189 298 1234 dum
307 1193 372 1245 terga
381 1190 466 1234 dabam
475 1191 574 1246 palantia
582 1193 676 1238 Teucri.

100 1260 211 1312 Sullecit3
222 1264 342 1318 postquam
348 1273 412 1305 arma
419 1260 456 1306 dei
465 1259 495 1305 ad
506 1262 614 1307 vulcania
623 1268 728 1311 ventum,

100 1333 203 1378 mortalis
212 1343 304 1381 misero.
315 1330 538 1387 glaucomatum,
547 1333 594 1378 ictu

100 1404 218 1453 Dissiluits
228 1401 289 1447 lulis
297 1401 445 1459 resplendent
452 1401 564 1458 fragmina
573 1415 649 1448 arena.

99 1478 164 1530 Ergo
171 1485 249 1519 arneus
256 1473 346 1520 diversa
352 1472 404 1529 tuga
411 1473 470 1531 petit
478 1485 570 1531 equora
580 1477 680 1525 turnum

100 1548 132 1590 ut
140 1554 203 1589 nunc
211 1543 265 1589 huc.
275 1543 379 1589 indehue
386 1545 485 1589 incertos
493 1544 676 1601 implicatorbes.

101 1614 210 1671 Undique
217 1615 277 1661 enim
287 1614 357 1660 drusa
364 1613 445 1659 Teucri
452 1614 565 1659 inclusere
573 1624 659 1658 corona
668 1629 674 1663 ι

103 1689 181 1741 Atque
188 1685 243 1730 hinc
249 1688 312 1730 vasta
321 1685 384 1741 palus
391 1714 398 1732 .
406 1683 461 1728 hinc
469 1682 540 1727 ardua
547 1683 632 1728 moenia
640 1683 742 1733 cingunt.

132 1759 181 1801 ltec
188 1756 262 1800 minus
270 1761 363 1803 deneas,
375 1765 504 1810 quanquam
514 1753 600 1798 tardata
610 1755 690 1808 sagitta

103 1825 222 1872 interdum
229 1838 304 1882 genua
312 1825 450 1882 impediunt.
459 1835 594 1878 cursumque
603 1828 721 1872 recusant.

103 1898 243 1954 insequitur,
252 1899 380 1953 trepidique
388 1897 468 1954 pedem
479 1896 536 1954 pede
545 1893 643 1940 fervidus
652 1900 730 1951 urget:

103 1969 220 2013 inclusum
226 1968 296 2013 veluti
306 1970 325 2012 si
334 1967 426 2023 quaudo
438 1965 531 2010 flumine
540 1971 620 2009 nactus

103 2042 214 2089 cervum,
223 2041 264 2083 aut
271 2039 376 2082 Puniceae
386 2041 475 2094 septum
485 2035 606 2080 tormidine
615 2048 709 2092 pennae,

104 2112 208 2155 venator
215 2121 295 2160 cursu,
305 2110 367 2154 canis
380 2109 538 2156 elatrantibus,
549 2109 630 2156 instat:

105 2181 146 2227 ille
155 2185 246 2235 arimin,
258 2181 345 2225 insidiis
354 2186 377 2226 et
385 2181 435 2238 ripa
445 2180 535 2225 territus
542 2179 600 2227 alta.

107 2252 169 2296 llille
176 2250 233 2306 lugu
242 2249 370 2306 refugitque
377 2250 435 2294 sias:
446 2255 467 2293 at
477 2249 565 2325 nitidus
576 2248 659 2293 Umber

743 2416 808 2528 f
