1666 2964
206 391 242 432 {98
457 356 541 432 tuido
555 390 593 431 iii.

203 477 291 522 Labitur
298 476 386 529 inieiix,
396 475 522 523 studiorum
531 478 599 532 atque
606 476 724 521 immemor
733 477 820 524 lrcrbar,

203 550 277 593 i'iotor
285 559 368 605 equus.
378 546 495 603 fontesque
503 547 619 597 avertitur,
628 548 652 591 et
658 546 716 602 pede
726 548 807 591 terrarii

67 633 74 643 ·
129 632 132 651 2
201 616 467 664 Crebrsieritrdemissn
475 617 663 662 aureszineertus
672 616 755 661 ibidem

200 690 278 741 sudor,
286 693 310 736 et
320 689 359 735 ille
365 687 457 746 quidem
465 688 580 733 morituris
587 686 694 743 iugibus:
705 693 752 733 aret

130 770 133 775 ·
201 758 616 814 Psilis,etadtaetumtrsotautidura
624 760 715 804 resistit.

201 833 253 876 ileo
263 834 319 877 ante
326 830 419 876 exitium
427 828 506 886 primis
514 827 569 873 daut
575 829 638 885 signa
645 829 738 873 diebus:

128 916 131 925 ·
199 898 715 959 siuiuprooessuooepiterudesoeremorbus‚

199 975 253 1016 Tum
261 983 319 1018 vero
326 971 432 1017 ardentes
438 970 498 1015 oouii
508 1004 514 1023 ,
524 973 592 1027 atque
602 969 715 1015 adtractus
723 968 751 1012 ab
761 969 805 1011 aito

198 1042 302 1097 spiritur,
313 1040 431 1086 interdum
439 1043 525 1097 gemitu
532 1041 616 1098 gravis,
626 1041 715 1096 imaque
721 1041 790 1091 longo

199 1113 236 1158 iba
244 1113 351 1169 singultu
361 1112 469 1164 tenduut;
476 1113 495 1156 it
503 1112 595 1158 naribus
603 1114 651 1156 ater

203 1183 305 1239 sanguis.
315 1186 339 1227 et
348 1182 447 1227 obsessas
454 1181 529 1229 iauoes
536 1183 620 1239 premit
628 1192 707 1237 aspera
715 1180 791 1234 lingua

203 1253 288 1299 Proiuit
297 1255 384 1300 inserto
390 1253 468 1300 latices
475 1255 674 1300 iuiuudereoosuu

201 1326 291 1371 iaeuaeos
301 1341 308 1376 ς
318 1337 346 1371 ea
358 1324 405 1370 visa
415 1326 473 1370 salus
481 1326 629 1372 morientibus
636 1336 692 1369 uuaz

199 1397 250 1440 itox
257 1398 308 1440 erat
315 1395 361 1442 hoo
369 1397 440 1453 ipsum
447 1397 527 1448 exitio:
535 1395 642 1453 iuriisqne
650 1393 726 1441 reiecti

200 1465 331 1521 Ardebant,
340 1466 427 1524 ipsique
434 1479 486 1512 suos
495 1500 501 1521 ,
510 1469 557 1522 J'am
566 1469 639 1512 morie
648 1467 689 1511 sub
698 1479 768 1522 egra.

200 1536 235 1587 [bi
242 1538 339 1582 meliora
347 1537 400 1594 piis.
408 1549 553 1595 erroremque
564 1537 665 1582 hostibus
676 1539 752 1583 illum!

200 1609 310 1654 Discissos
318 1607 385 1653 nudis
393 1609 508 1653 inniabant
516 1608 621 1653 dentibus
631 1612 698 1653 artus.

198 1682 259 1725 Eone
268 1682 344 1725 autem
352 1679 409 1724 duro
419 1678 506 1724 domans
512 1681 554 1724 sub
561 1691 653 1725 vomere
661 1684 737 1724 taurus

197 1750 316 1802 (ionmdit,
327 1754 350 1796 et
356 1752 452 1795 mixtum
459 1751 544 1808 spumis
552 1752 669 1796 vomitore
678 1763 797 1797 cruor-om.

197 1823 362 1876 Extremusque
370 1822 416 1866 ciet
423 1823 529 1877 gemitus.
538 1824 560 1865 ii
570 1822 637 1866 tristis
646 1825 731 1873 arator,

196 1890 332 1937 timentem
341 1891 465 1948 abiungens
471 1891 571 1938 fraterna
578 1896 651 1937 morie
655 1895 778 1946 juvencum
788 1924 792 1935 .

197 1964 276 2018 Atque
284 1971 353 2018 opere
360 1960 385 2005 iu
393 1961 468 2007 modio
475 1961 546 2007 deiixa
554 1963 644 2017 reliquii
651 1966 731 2007 aratra.

199 2033 254 2074 Nou
263 2029 349 2076 umbre
359 2031 456 2076 ultorum
464 2044 582 2077 nemorum
591 2066 596 2084 ‚
608 2045 654 2076 uon
663 2032 738 2076 mollia
747 2043 828 2087 possuit

199 2103 269 2157 Prata
278 2112 370 2147 movere
379 2102 492 2154 animum.
503 2115 550 2148 non
559 2136 564 2153 .
575 2104 612 2159 qui
620 2115 661 2159 per
668 2114 718 2146 saxa
724 2103 813 2146 volutus

198 2173 285 2217 Purior
292 2171 377 2218 eieotro
384 2184 487 2230 campum
496 2176 553 2232 petit
561 2175 633 2219 nuruis
643 2177 678 2217 :at
687 2175 731 2219 ima

198 2241 412 2293 solvunturiatera,
422 2248 489 2301 atque
498 2245 576 2290 oculos
585 2250 664 2302 stupor
673 2249 739 2302 urget
747 2240 830 2290 inertis

200 2311 238 2356 Ad
245 2316 374 2370 terramque
383 2312 433 2358 fluit
440 2315 524 2359 devexo
534 2315 633 2372 pondere
642 2317 727 2360 cervix.

199 2382 263 2434 Quid
270 2383 336 2428 latior
345 2386 385 2429 aut
392 2383 510 2431 benefacio
517 2388 598 2441 juvant
605 2389 616 2430 ,⁹
623 2387 678 2443 quid
687 2400 778 2435 vomere
787 2393 827 2431 iou

200 2444 424 2510 invertisse'gravese
433 2456 494 2512 atqui
503 2467 550 2500 nou
563 2458 656 2501 Massica
665 2458 745 2502 Bacchi

200 2527 307 2578 iiunera.
319 2536 367 2570 nou
376 2525 419 2570 iilis
427 2527 498 2582 epulan
508 2538 606 2572 nocuere
613 2541 646 2586 sq
654 2532 719 2576 ostam
