1666 2964
204 457 230 498 u
456 448 607 492 Bucomcu.

202 541 358 596 straialaesnt
364 538 447 596 passim
451 548 491 582 sua
497 547 586 592 quaque
593 534 635 579 suh
643 535 722 580 arbore
731 546 797 593 poma
806 553 810 577 ι

203 610 285 655 omnia
292 621 356 655 nuuc
367 608 457 655 rident:
467 612 503 659 at,
512 608 532 652 si
540 607 652 651 lormosus
661 607 735 652 Alexis

202 680 315 726 llontlhus
322 679 357 725 his
366 679 441 730 abeat.
452 678 528 722 rideas
535 681 558 723 el
566 677 659 722 humina
667 678 734 722 sicca.

482 757 583 793 rurssls.

202 825 259 868 Aret
266 832 333 877 agen
342 820 400 866 vitio
409 818 508 863 moriens
515 818 563 861 sitit
569 817 625 862 aeris
634 816 705 862 herba
714 835 719 860 :

201 891 267 936 hiber
274 890 404 948 pampineas
410 887 492 932 invidit
499 886 593 936 collibus
601 887 700 931 umbras.

201 960 311 1018 Phyllidis
318 959 417 1004 advenhu
424 962 508 1002 nostrae
517 968 597 1002 namus
604 968 672 1003 omns
680 959 776 1007 virehila

201 1031 306 1088 luppiter
314 1031 396 1076 etlaeto
405 1027 526 1074 descendet
533 1027 644 1084 plurimus
650 1027 726 1071 imbri.

476 1107 590 1144 cournon.

202 1170 302 1228 Populus
309 1168 393 1213 Alcidoe
402 1168 539 1224 gratissima,
549 1166 601 1211 vius
609 1166 707 1216 iaccho,

202 1242 316 1284 Formosa
325 1240 413 1293 myrtus
423 1238 503 1283 Veneri
512 1271 518 1289 ,
528 1249 568 1282 sua
575 1237 651 1281 laurea
660 1237 760 1281 Phoeho:

203 1309 288 1365 Phyllis
297 1310 358 1352 amat
366 1308 468 1352 corulos:
476 1307 524 1351 illas
533 1306 588 1350 dum
597 1306 682 1361 Phyllis
689 1308 784 1356 amabil.

205 1382 250 1424 Nec
259 1380 345 1434 myrtus
352 1376 429 1422 uincet
435 1379 539 1427 corulos.
549 1388 591 1422 nec
600 1377 677 1421 laurea
687 1376 774 1421 Phoebi.

483 1458 583 1493 rurnsss.

203 1519 312 1563 Fraxinus
319 1520 343 1563 in
350 1519 411 1564 silvis
418 1519 580 1577 pulcherrima,
589 1520 656 1574 pinus
663 1518 687 1560 in
696 1519 780 1565 noi-tls.

205 1588 305 1644 Populus
311 1587 336 1630 in
344 1587 430 1638 fluviis,
440 1588 501 1632 abies
509 1588 534 1630 in
542 1586 656 1631 montibus
663 1587 713 1631 allis
723 1602 728 1629 ι

205 1659 288 1716 sapius
297 1661 320 1703 at
328 1659 346 1703 si
353 1671 390 1703 me
399 1692 404 1709 .
415 1658 499 1714 Lycida
505 1657 603 1702 lormose
612 1688 618 1710 ,
628 1657 711 1702 revisas
720 1687 725 1703 ,

206 1729 312 1774 Fraxinus
318 1731 343 1774 in
350 1730 410 1775 silvis
416 1729 482 1774 cedat
490 1729 538 1778 tihi.
548 1730 615 1786 pinus
624 1729 647 1771 in
656 1728 735 1773 hortis.

470 1810 602 1846 nannenus.

205 1873 260 1916 llaec
269 1871 361 1916 memini
373 1904 378 1922 ‚
387 1872 410 1916 el
416 1871 501 1916 victum
509 1869 591 1914 frustra
598 1869 736 1914 contendere
743 1868 819 1926 Thyrsi

206 1943 238 1984 Ex
244 1941 283 1985 illo
292 1941 397 1998 corydon
407 1940 514 1996 Corydon
520 1942 554 1985 esi
563 1943 665 1995 ternpore
673 1939 746 1983 nubis.
