1666 2964
334 400 420 442 iistis
434 401 475 443 iii.
697 407 739 449 203

136 499 148 531 n
157 487 213 532 iliud
223 487 277 541 tihi,
287 489 340 532 nate
348 487 403 537 dea.
413 498 505 543 praeque
514 488 619 533 omnibus
628 501 699 535 unum

131 560 205 613 ticum,
212 561 236 604 et
244 560 350 615 repetens
358 558 485 614 iterumque
492 560 621 616 iterumque
627 561 738 607 monebo:

126 629 168 672 inis
176 629 367 683 magnaeprimum
374 639 441 684 prece
449 638 535 673 numen
543 628 615 673 adora
624 645 630 678 ;

120 700 156 743 sni
165 710 222 744 cane
229 701 283 743 vota
290 697 374 748 libens.
383 697 544 753 dominamque
553 702 670 755 potentem

113 769 212 827 plicibus
218 781 300 826 supera
309 769 389 815 donia:
398 769 429 814 sic
436 769 535 826 denique
544 769 619 815 victor

108 840 186 884 nactis
197 839 251 885 tinus
260 841 327 884 Italos
336 840 425 885 mittere
436 840 523 889 relicta.

104 915 147 956 iuc
155 911 195 955 uhi
204 909 291 955 delatus
298 914 412 954 cumaeam
422 909 545 955 adcesseris
554 910 646 961 urbem.

99 982 288 1037 vincsquelacus‚
297 985 320 1027 et
330 983 421 1026 Averna
430 981 534 1026 sonantia
542 981 615 1032 silvis3

92 1061 173 1094 sanans
181 1051 256 1093 vatem
263 1050 375 1106 adspicies
383 1083 389 1101 .
398 1062 449 1107 quae
458 1061 514 1107 rupe
524 1050 565 1094 sub
573 1050 620 1094 insa

86 1123 121 1164 ata
130 1119 207 1169 canit,
218 1118 394 1176 foliisquenotas
408 1123 431 1164 et
439 1120 532 1164 nomina
539 1119 639 1164 mandat.

80 1195 213 1246 eumcuuque
222 1191 246 1234 in
254 1189 312 1236 iuliis
320 1192 439 1248 descripsit
448 1193 559 1241 cannina,
567 1192 633 1244 virgo

75 1260 154 1317 uigent
164 1262 188 1304 in
196 1273 328 1311 numerum,
336 1265 404 1319 atque
414 1265 481 1306 antro
489 1263 576 1307 seclusa
586 1263 700 1319 relinquit.

69 1331 105 1375 iiia
113 1331 310 1376 manentimsnoia
318 1331 385 1381 iocis,
398 1343 472 1387 neque
481 1332 508 1376 ab
517 1331 597 1376 ordine
607 1333 699 1377 cedunt.

67 1404 150 1448 vemm
159 1401 249 1453 eadem,
264 1414 331 1447 verse
341 1404 416 1448 tenuis
423 1415 493 1458 quum
502 1403 595 1448 cardine
606 1408 686 1448 ventus

64 1473 172 1530 impulit.
184 1475 304 1521 etteneras
313 1474 486 1527 turbaritjanua
495 1472 598 1524 imudes.

63 1545 189 1598 uunquam
199 1543 282 1590 deinde
288 1555 346 1589 cavo
353 1544 471 1589 volitantia
480 1544 592 1598 prendere
601 1556 664 1589 saxo.

62 1616 109 1659 Nec
118 1614 453 1669 mrccaresitus‚aut1uugers
462 1615 564 1659 carmina
573 1617 645 1660 eiurat.

61 1685 190 1730 inconsulti
199 1683 291 1736 abeunt,
300 1685 421 1741 sedemque
428 1685 498 1730 odere
504 1685 598 1741 sibpiiae.

61 1755 106 1801 iiic
117 1755 158 1799 tibi
168 1767 197 1800 ne
204 1767 249 1812 qua
257 1767 326 1800 moran
336 1754 421 1801 luerint
434 1755 552 1813 dispendia
560 1755 633 1804 tanti,

60 1825 171 1878 masuris
177 1825 314 1883 increpitent
321 1826 389 1877 socii,
399 1831 423 1872 et
430 1826 453 1871 ri
463 1838 541 1871 cursus
549 1826 573 1869 in
581 1826 651 1869 altum

59 1896 118 1940 Veia
126 1898 202 1948 vocet,
212 1897 327 1953 possisque
334 1898 395 1941 sinus
402 1897 496 1953 impiere
504 1895 629 1946 secundos.

59 1965 123 2019 Quin
132 1965 200 2012 adeas
210 1969 297 2018 missu.
309 1967 458 2024 precibusque
467 1967 558 2012 oracula
566 1977 653 2022 poscas.

59 2038 114 2093 ipsa
121 2041 201 2087 canat,
211 2049 336 2094 vocemque
344 2039 423 2083 voleus
432 2041 500 2096 atque
509 2049 549 2082 urs
556 2037 662 2083 resolvat.

59 2108 103 2152 iila
114 2107 156 2152 tibi
164 2109 234 2154 italiae
241 2110 339 2167 pupulos
347 2142 353 2161 ‚
362 2113 502 2165 venturaque
511 2107 584 2158 bella,

60 2182 88 2224 st
104 2191 152 2236 quo
159 2191 271 2237 quemque
279 2182 349 2225 modo
359 2180 474 2238 iugiasqns
486 2180 589 2235 ierasque
598 2179 714 2229 iubereris,

59 2249 171 2306 Expediet
178 2267 184 2302 ;
192 2262 315 2308 cursusque
324 2251 387 2295 dabit
396 2255 503 2297 venerata
510 2249 629 2296 secundus.

59 2325 116 2367 iisse
123 2325 191 2372 sunt,
202 2333 251 2377 qnae
261 2323 339 2366 nostra
346 2321 414 2366 liceat
427 2325 449 2365 te
458 2333 515 2368 voce
522 2321 620 2366 moneri.

60 2391 122 2438 vade
129 2404 185 2449 age,
194 2393 339 2448 etingcntem
352 2391 415 2437 iactis
425 2393 460 2438 ier
468 2393 497 2438 ad
507 2393 590 2438 ethera
599 2393 711 2447 trojam.»

85 2467 143 2516 Quae
152 2466 273 2521 postquam
281 2466 343 2508 rates
351 2463 384 2507 sic
393 2475 432 2508 ore
439 2463 520 2509 eiiatus
530 2464 603 2508 arnico
611 2467 657 2509 est.

60 2537 127 2580 Dona
137 2533 219 2580 dehinc
228 2546 284 2580 auro
291 2535 380 2589 gravia,
390 2538 497 2590 sectoque
510 2534 643 2590 elephanto.
