1666 2964
170 210 210 250 m
438 209 568 251 AENEIDOS
796 213 828 253 193

170 302 234 341 Nunc
242 297 339 340 hiemem
349 298 408 340 inter
418 309 442 342 se
452 298 513 349 iuxu,
521 309 588 354 quurn
596 298 672 353 ionga,
680 299 768 349 iuvere.

169 371 301 422 Regnorum
308 369 458 419 immemores,
466 371 571 427 turpique
579 369 686 426 cupidine
694 374 781 429 ceptus.

169 443 224 482 iiaec
234 440 318 496 passim
327 439 370 484 dea
377 437 437 483 toeda
446 439 520 484 virum
529 438 638 483 diiiundit
645 440 669 484 iu
677 452 728 486 ora.

168 509 276 554 Protinus
285 509 314 554 ad
320 519 397 565 regem
406 521 485 554 cursus
493 510 614 565 detorquet
623 510 713 561 iar-han,

168 580 316 636 lucenditqne
324 581 424 625 animum
432 580 505 629 dictis,
515 586 583 635 atque
591 583 684 636 aggerat
691 581 747 627 irus.

195 652 238 696 iiic
246 655 373 696 Hammone
381 653 450 700 sutus.
458 657 522 717 raptp
530 652 690 697 Garamantide
697 653 805 712 nympin.

166 722 317 780 ‘temptaturi
326 724 419 766 centnm
426 722 477 764 iotis
484 722 591 766 innnenia
597 722 681 778 regnis,

167 795 265 838 Centum
274 804 324 837 aras
334 794 423 847 posuit;
433 793 569 848 vigilemque
575 796 703 838 metaverat
709 793 793 848 ignem.

168 863 278 907 Excubiae
285 863 364 906 divum
374 867 482 913 aetcmas3
492 862 651 919 pecudumque
659 874 743 909 eruore
806 888 809 893 ·

168 934 256 986 Pingue
264 933 345 982 scium.
356 937 380 977 et
388 933 455 978 variis
465 931 569 977 florentis
578 933 657 976 iimina
666 933 741 978 sertis.

167 1007 233 1060 isque
241 1015 319 1047 amens
327 1004 404 1053 enimi.
415 998 439 1049 et
448 1014 541 1048 minore
550 1003 662 1048 adcensus
674 1014 761 1054 smero.

167 1074 256 1118 Dicitur
265 1076 318 1119 ante
328 1086 385 1124 arus,
396 1075 471 1118 mertia
479 1075 640 1118 internuntius
646 1073 739 1126 divum,

167 1146 237 1189 iluitu
243 1147 324 1191 iovem
334 1146 438 1190 manibus
446 1145 539 1202 supplex
548 1158 624 1191 orasse
632 1147 720 1202 supinis
728 1163 735 1190 ε

195 1231 205 1256 ι
215 1217 322 1273 iuppiter
330 1217 483 1272 omnipotens,
492 1217 528 1260 cui
538 1227 601 1262 nunc
610 1217 723 1262 Maurusia
732 1219 801 1275 picus

167 1289 229 1330 Gens
236 1288 325 1343 epuintu
335 1287 391 1330 toris
400 1290 506 1330 Lcnaeum
516 1286 569 1331 iibst
580 1285 698 1334 honorem.

167 1356 270 1414 Adspicis
277 1358 339 1400 haee?
349 1360 424 1410 Ante,
433 1358 530 1411 genitor.
541 1369 610 1414 quum
618 1354 712 1401 iuimina
719 1358 818 1414 torques.

167 1428 325 1485 Nequidquam
334 1427 470 1472 horremus?
479 1429 578 1484 cecique
589 1429 613 1472 in
624 1427 722 1472 nubibus
730 1429 796 1484 ignes

165 1498 299 1544 'renideant
308 1499 404 1545 arrimos.
413 1502 435 1542 et
442 1499 517 1544 inania
528 1511 646 1543 murmura
653 1498 768 1545 miscent?

165 1573 266 1620 Femina.
275 1583 325 1627 quae
332 1570 414 1614 nostris
423 1582 502 1615 errans
510 1573 535 1615 in
542 1570 625 1614 tinibus
634 1571 715 1615 urbem

165 1644 271 1697 inriguam
281 1643 356 1699 pretio
364 1642 446 1698 posuit.
456 1643 493 1685 eui
502 1642 553 1685 titus
561 1641 672 1685 arandum
684 1674 690 1690 ,

165 1713 304 1769 cuique10ci
313 1714 373 1768 leges
382 1712 495 1760 dedimus,
505 1710 619 1756 connubia
626 1713 704 1754 nostra

166 1785 265 1841 Repulit.
274 1796 301 1829 se
308 1785 428 1828 dominum
436 1787 520 1826 AEuesn
530 1783 554 1825 in
561 1794 632 1835 regnu
641 1781 737 1838 recepit!

165 1859 194 1899 Et
202 1867 266 1900 nuuc
273 1856 312 1899 iiie
322 1855 394 1908 Paris,
402 1866 455 1899 curn
464 1853 571 1897 semiviro
581 1853 697 1902 comitutu.

166 1927 261 1970 iiaeonia
270 1929 372 1971 mentum
382 1925 448 1968 mitre
457 1923 588 1977 crinemque
597 1922 727 1967 madentem

165 1986 286 2046 subnixus,
295 1999 361 2053 rapto
371 1995 458 2052 potitur
468 2004 525 2037 :nos
534 2003 628 2036 munera
637 1993 727 2049 ternpiis

165 2067 254 2124 Quippe
263 2069 308 2111 tuis
319 2065 419 2112 terimus.
428 2064 562 2120 famamque,
567 2063 670 2107 iuvemus
677 2064 797 2107 inanemtn

192 2138 283 2182 Talibus
291 2142 396 2182 orantem
405 2136 479 2190 dietis,
490 2146 583 2192 arasque
592 2135 716 2181 tenentem,

166 2208 245 2253 Audiit
256 2209 408 2266 omnipotens.
418 2208 542 2262 oculosque
550 2205 579 2250 ad
589 2205 673 2248 moeniu
682 2206 748 2248 torsit

165 2279 242 2334 Regia.
254 2284 277 2322 et
284 2280 366 2323 oblitos
374 2278 438 2322 iamae
446 2276 546 2322 melioris
555 2277 664 2320 amantes.

166 2354 222 2394 'rum
233 2349 266 2395 sic
273 2351 411 2396 Mercurium
419 2348 556 2404 adloquitur,
566 2357 593 2392 ac
602 2345 654 2392 telis
664 2344 769 2390 mandat:

74 2588 255 2688 ,Λ
