1666 2964
132 374 173 415 22⁰
400 372 531 415 AENEIDOS
759 377 802 420 iss

133 458 703 516 rregtuauttutamocunotanremadttmtnaprtmt
738 480 744 489 =

133 535 257 576 Poeoorum
265 530 628 587 empeetantzmtroqneinstgniu
637 533 662 575 et
671 542 732 577 auro
758 544 761 550 ·

132 604 181 646 stat
188 601 287 658 sonipes,
303 612 331 646 au
342 600 405 646 irena
411 601 473 645 teron
482 600 611 658 spumantia
619 600 717 645 mandit.

133 669 707 729 raonemprogrediaminagnasttpmtemterm,

54 795 57 799 ¹
132 741 246 787 Sidonium
255 742 316 798 picto
325 739 703 796 chlamydemcircumdatnlimbo·
782 760 785 764 ·

132 814 173 856 cui
180 812 285 870 pharetra
293 825 322 858 ex
328 823 392 865 auro,
404 810 629 857 crinesnodanturiu
636 822 732 861 aurum.

133 882 655 943 aureapurpureamsubneoutuuutarestem.

134 953 663 1012 uecuonereurygitcomites.ettaetustntus,

132 1029 252 1076 Incedunt.
262 1032 370 1086 ipseante
377 1029 434 1072 alios
441 1027 606 1082 pulcherrimus
612 1038 692 1072 omues

133 1101 205 1147 iutert
214 1113 238 1146 se
247 1101 333 1146 socium
340 1104 432 1149 AEneas.
443 1103 510 1155 atque
518 1099 607 1154 agmina
613 1098 703 1154 iungit:

132 1172 218 1224 this,
227 1171 266 1214 ubi
274 1169 392 1214 hibernam
400 1169 489 1222 nectam
497 1167 626 1225 Xanthique
635 1168 720 1215 fluenta

134 1242 230 1292 Deserit,
241 1252 267 1287 ae
277 1244 359 1286 Delum
369 1247 494 1286 maternam
503 1243 580 1286 invisit
589 1242 679 1299 Apollo,

135 1316 291 1370 instauratque
300 1313 389 1364 choros,
398 1313 507 1369 mixtique
515 1313 593 1357 altaria
600 1313 687 1359 circum

135 1388 256 1441 Cretesque
266 1389 410 1440 Dryopesque
419 1382 520 1428 iremuut
528 1385 628 1440 pictique
637 1385 774 1440 Agathyrste

135 1460 186 1513 lpse
191 1455 250 1510 iugis
260 1455 341 1508 cyuttu
352 1454 462 1508 gruditur.
473 1455 581 1510 multique
592 1453 700 1499 fluentem

135 1527 226 1573 Fronde
240 1528 323 1582 premit
332 1527 417 1570 ciiuem
427 1526 523 1580 tingens,
538 1528 606 1581 atque
619 1524 719 1580 implicat
728 1536 798 1578 auree

134 1600 187 1643 Teia
196 1598 278 1642 souaut
286 1598 394 1641 humeris.
404 1597 470 1641 Haud
478 1597 517 1641 iiio
527 1597 620 1650 segnior
628 1597 674 1640 ibat

136 1673 217 1714 AEoeas
228 1685 234 1712 ι
243 1673 331 1714 tautum
339 1668 429 1722 egregio
435 1668 503 1713 decus
512 1668 583 1712 enitet
592 1679 640 1712 ore.

136 1744 258 1798 Postquam
266 1741 324 1784 attos
333 1743 427 1782 ventum
434 1739 459 1781 in
468 1743 557 1783 montes
565 1740 631 1794 atque
638 1737 700 1781 invia
707 1737 790 1788 instra,

136 1815 194 1856 Ecce
203 1811 265 1864 ies-m,
275 1810 320 1854 saxi
331 1810 425 1863 dejecte
436 1809 529 1859 vertice.
539 1820 614 1864 caprae

136 1885 261 1928 Decurrere
269 1883 340 1937 jugis:
351 1882 393 1926 atta
403 1880 432 1925 de
441 1884 504 1936 parte
513 1884 615 1936 patentes

136 1955 302 2008 ‘transmittunt
310 1965 376 1997 cursu
385 1964 484 2008 campos
491 1955 557 2007 atque
567 1950 658 2006 agmina
670 1951 733 1995 cervi

138 2024 299 2069 Putremienta
311 2023 363 2077 iuga
373 2024 505 2076 glomerent,
515 2025 651 2077 montesque
661 2021 799 2077 relinquunt.

138 2099 167 2137 At
179 2106 235 2149 puer
243 2095 352 2139 Ascanius
362 2093 442 2137 mediis
455 2092 479 2136 in
490 2093 583 2135 vultibus
593 2091 641 2136 acri

138 2163 226 2208 Gaudet
235 2175 306 2220 equo:
315 2165 408 2220 Jamque
417 2163 457 2207 hos
468 2174 544 2212 curun,
551 2165 598 2217 jam
607 2162 709 2218 preterit
715 2159 772 2207 ilios.

138 2236 328 2291 spumantemque
337 2234 387 2278 dari
396 2245 479 2290 pecora
486 2235 546 2279 inter
554 2233 633 2277 inertia
638 2232 698 2277 votis

138 2307 206 2362 (tpiat
214 2310 302 2361 aprum,
311 2309 350 2349 aut
359 2303 446 2349 fulvum
453 2303 590 2349 descendere
599 2305 676 2347 moute
682 2304 780 2349 lennem.

102 2414 105 2419 ,
166 2380 341 2431 irrtereamagno
349 2378 438 2422 misceri
451 2375 655 2420 munnureomtum

140 2449 227 2504 incipit.
240 2450 368 2505 insequitur
376 2449 497 2493 commixta
504 2442 614 2502 grandine
623 2446 721 2489 nimbus.
807 2476 809 2481 .

140 2525 166 2564 ut
176 2520 236 2574 Tyrii
246 2520 338 2564 comites
346 2520 433 2576 pressim,
447 2525 468 2562 et
476 2518 570 2570 Troiana
578 2518 693 2570 juvouuu.

82 2800 202 2872 fl
