1666 2964
16 507 70 553 ΒΗ
294 507 378 548 LIBER
392 508 441 549 xli.
658 511 700 551 tta

16 599 197 649 Juturnamquc
205 596 270 649 paral
276 591 349 637 lratrla
355 593 471 639 dimittere
479 594 508 638 ab
516 597 592 639 armis.

18 668 145 711 Dicuntur
153 665 249 719 geminae
259 670 332 721 pestes
339 666 474 717 cognomine
482 667 551 719 llirae,

19 741 91 791 Quas
98 738 123 780 et
130 737 258 779 Tartaream
269 738 317 779 Nox
326 737 461 792 intempesta
472 739 591 791 llegaeram

20 812 81 853 Uno
87 807 215 862 eodemque
222 807 274 850 mtit
280 812 360 862 partu.
372 808 509 863 paribusque
520 809 617 855 revinxit

18 878 168 935 serpentum
177 877 256 932 spiris.
267 883 418 932 ventosasque
425 876 513 921 addidit
521 878 574 922 alas.

18 953 70 994 Hm
81 948 146 992 Jovis
154 947 286 999 adscitum,
296 949 393 1003 stnvique
400 949 425 991 iu
434 949 513 995 limine
519 951 591 1005 regie.

22 1018 163 1075 Adparent,
176 1023 307 1073 acuuntque
315 1021 400 1062 metum
408 1019 629 1074 monetaneum,

22 1090 49 1134 si
56 1088 153 1144 quando
162 1087 233 1132 letum
240 1085 372 1133 horrificum
383 1090 519 1145 morbosque
528 1090 596 1135 derlm
606 1102 651 1133 rex.

21 1158 133 1206 Molitur,
141 1159 233 1202 meritas
239 1163 277 1201 aut
286 1158 345 1202 bello
353 1160 440 1205 territat
450 1160 526 1205 urbes.

21 1233 120 1273 tlarum
129 1240 198 1272 unam
207 1228 304 1272 celerem
314 1228 404 1273 demisit
411 1231 439 1273 ab
447 1230 531 1275 retbere
539 1242 628 1275 mmmo

21 1300 146 1356 ¹minuitur,
156 1299 225 1354 inque
233 1309 302 1342 omen
311 1303 415 1344 Julurnae
422 1311 542 1346 occurrere
547 1303 621 1356 jussit.

22 1372 72 1415 llla
81 1368 152 1420 volat,
159 1369 272 1424 celerique
279 1369 308 1412 ad
316 1372 400 1414 terram
411 1371 501 1415 turbiue
508 1371 581 1416 lertur
591 1389 597 1415 ι

25 1444 83 1485 Nou
93 1451 172 1491 secus,
182 1452 209 1484 ac
215 1451 288 1484 uervo
296 1452 336 1495 per
342 1442 427 1485 nubem
436 1441 532 1499 impulsa
539 1442 632 1497 sagitta,

29 1512 149 1554 Amuatam
157 1511 211 1554 aaevi
221 1510 318 1554 Parthus
326 1522 394 1567 quam
404 1511 454 1557 lelle
463 1514 560 1563 veneni,

30 1578 142 1630 Parthus,
152 1581 198 1624 aive
208 1580 303 1635 cydon,
315 1583 385 1626 telum
392 1583 571 1633 immedicabile,
584 1585 666 1633 totuin

27 1650 133 1695 stridens
142 1684 147 1699 .
159 1654 182 1695 et
188 1652 273 1696 celeres
280 1652 398 1708 incognita
407 1653 506 1698 lrarrailit
513 1654 612 1698 umbras.

26 1722 88 1767 'ralla
95 1733 121 1766 re
127 1726 175 1766 sata
183 1712 257 1767 Nocte
266 1723 327 1774 tulit,
336 1726 451 1779 terrasque
460 1724 548 1779 tvetirit.

58 1794 182 1847 Ptranuarn
189 1792 249 1836 acies
255 1792 317 1836 videt
325 1794 402 1838 iliacas
411 1800 478 1849 atque
486 1794 576 1848 agmina
583 1794 651 1836 Turni
661 1809 675 1842 ;.

28 1861 98 1907 Alitis
107 1861 130 1904 lu
137 1872 211 1918 parvae
218 1861 313 1905 subitam
324 1863 419 1908 collecta
427 1861 524 1918 figuram
533 1894 539 1913 ,

27 1935 87 1985 Quae
97 1930 211 1986 quondam
221 1932 244 1973 iu
254 1932 337 1984 bustis,
345 1936 385 1977 aut
394 1933 532 1977 culminibus
542 1932 650 1981 desertis.

28 2005 104 2048 Nocte
117 2002 205 2052 sedena,
213 2013 289 2046 serum
297 2003 359 2047 cauit
365 2003 496 2058 importuna
504 2014 546 2059 per
553 2004 643 2047 umbras
652 2018 664 2042 :-

29 2077 168 2118 tlaucversa
177 2074 201 2116 iu
213 2071 306 2122 lactem.
316 2075 386 2116 Turni
396 2084 420 2117 ae
428 2074 497 2130 pestis
504 2074 534 2118 ob
544 2084 583 2117 ora

28 2148 131 2200 Fertque
140 2143 254 2200 refertque
260 2154 351 2192 sonaua.
359 2144 501 2199 clipeumque
507 2145 624 2189 everberat
631 2145 653 2189 al
660 2159 685 2190 a„

28 2216 67 2261 llli
76 2216 178 2260 membra
185 2225 258 2258 novus
267 2214 336 2259 solvit
345 2212 466 2259 lurnridiue
474 2217 564 2269 turpem

29 2285 182 2341 Adreulteque
192 2285 288 2329 horrore
295 2294 379 2334 comm,
389 2286 413 2328 et
423 2294 465 2327 tou
475 2281 576 2327 laucibur
586 2284 658 2328 basit.

30 2360 74 2406 at.
85 2357 164 2414 procul
173 2361 198 2400 ut
208 2355 266 2399 Dirae
277 2354 398 2400 stridorem
405 2353 514 2409 adgnovit
520 2357 543 2397 et
553 2354 612 2403 alas,

29 2428 114 2475 infelix
120 2429 194 2473 crinea
202 2427 390 2472 acinditlulurna
401 2427 498 2475 solutor,

30 2499 152 2551 Unguibus
159 2511 199 2543 ora
205 2509 270 2542 soror
278 2496 364 2541 loedanr
372 2527 378 2546 ,
387 2500 410 2541 et
417 2500 510 2553 uectura
519 2496 602 2550 pugnis
611 2511 617 2537 ι

31 2587 40 2607 ι
50 2568 113 2623 Quid
119 2572 210 2612 nuucte
219 2571 269 2617 tua.
279 2570 363 2613 Turne.
372 2570 447 2622 poten
454 2577 560 2621 germana
567 2566 669 2618 juvare?

31 2644 78 2686 Aut
86 2638 140 2696 quid
146 2639 193 2692 jam
201 2638 262 2683 durau
272 2637 490 2694 suqreralmilrilqua
498 2637 537 2683 tlbi
544 2637 618 2682 lucem

555 2739 589 2779 51.
