1666 2964
85 383 128 430 ³7³
350 391 433 432 LIBER
451 392 488 434 lii.
709 399 750 439 2⁰5

84 473 200 531 Auspiciis
210 473 329 520 manifesta
338 475 392 521 lidos
402 477 501 523 isiciala
511 477 578 524 delini
586 493 625 527 mx
691 482 695 489 ’

82 547 192 596 sonitus.
201 545 316 602 solumne
324 548 396 598 viceor
406 549 425 592 is
432 550 531 594 vertitur
537 551 616 606 onio).

83 620 162 662 Pauca
172 615 213 659 tibi
221 627 234 661 e
243 617 331 668 multis,
342 630 387 675 quo
396 621 468 664 tutior
475 622 564 678 hospita
572 623 653 670 lustres

83 692 196 744 AEquora,
206 691 229 732 et
238 690 340 734 ausonio
349 690 420 748 possis
428 692 547 738 considere
556 698 633 751 portu.

83 759 209 818 iixpediam
218 757 299 810 diciisr
309 761 430 816 prohibent
437 774 490 807 nam
500 768 576 810 cetera
585 769 663 812 Parcae

83 833 146 877 scire
157 831 270 876 Helenum
283 830 627 888 lariquevetatsaturniainno.

81 902 202 959 Principio
212 904 310 953 italiam,
321 917 389 962 quam
398 908 476 961 rujam
486 919 537 954 rere
545 911 696 967 propinquam

80 975 233 1030 vicinosque.
242 976 330 1030 ignare,
340 989 405 1033 paras
413 978 521 1025 invadere
528 983 619 1037 portus,

83 1047 164 1100 Longa
172 1047 253 1102 procul
260 1046 333 1101 longis
338 1049 375 1091 via
384 1047 465 1093 divinit
471 1048 532 1094 invia
541 1051 613 1095 terris.

84 1121 144 1161 Ante
151 1118 176 1160 et
184 1117 300 1162 Trinacria
308 1117 428 1163 lentandus
437 1131 512 1164 remus
522 1121 547 1164 in
554 1122 615 1167 unda
625 1155 631 1173 ,

86 1188 115 1228 Et
119 1187 171 1232 salis
180 1188 274 1232 Ausonii
282 1189 422 1234 lustrandum
429 1192 525 1235 navibus
532 1203 617 1248 aequor.

88 1257 217 1314 internique
225 1260 286 1304 lacus
295 1291 301 1313 ‚
310 1264 420 1317 AEaeaeqne
432 1260 507 1306 insula
515 1263 599 1314 circe.

88 1331 158 1384 Quam
171 1333 220 1374 tuta
226 1331 298 1387 possis
305 1332 385 1376 urbem
394 1344 533 1390 componere
542 1337 610 1390 terra.

85 1402 155 1457 Signa
164 1401 205 1446 tibi
213 1402 287 1447 dicam
298 1406 337 1447 :tu
346 1402 439 1448 condita
448 1407 524 1450 mente
534 1408 618 1451 teneto.

83 1473 162 1524 Quum
173 1471 213 1516 tibi
221 1473 316 1518 sollicito
323 1474 403 1519 secreti
410 1474 439 1518 ad
447 1472 545 1520 fluminis
555 1476 640 1522 undam

84 1543 184 1588 litoreis
192 1543 272 1599 ingens
281 1545 374 1589 inventa
382 1544 423 1588 sub
431 1544 521 1590 ilicibus
529 1558 566 1592 sus
574 1579 581 1601 ‚

83 1613 186 1669 Triginta
195 1615 294 1670 capitum
302 1613 360 1659 letus
367 1615 433 1658 enixa
442 1614 549 1668 ‚jacente

84 1683 157 1732 alba.
168 1684 217 1729 solo
225 1684 348 1737 recubans,
359 1683 402 1727 albi
411 1685 498 1728 circum
506 1685 644 1730 uberanati:

83 1756 105 1798 ls
112 1754 178 1798 locus
186 1752 248 1797 urbis
255 1754 311 1804 erin
322 1755 411 1808 requies
418 1765 445 1798 ea
454 1757 516 1799 certa
523 1755 634 1799 labonun.

83 1826 136 1870 Nec
143 1826 168 1868 tu
177 1834 307 1868 mensarum
316 1836 404 1869 morsus
413 1825 520 1870 horresce
528 1824 616 1870 loturos
626 1841 633 1869 ι

82 1897 141 1939 Fata
150 1893 211 1938 viam
218 1894 347 1945 invenient.
359 1894 475 1951 aderitque
481 1900 576 1940 vocatus
586 1896 675 1954 Apollo.

83 1969 133 2010 ilas
142 1967 218 2010 autem
226 1968 309 2016 terras.
319 1965 413 2021 italique
421 1965 479 2010 hanc
487 1965 558 2010 litoris
570 1977 646 2018 oram,

85 2035 195 2081 Proxima
204 2047 254 2092 quar
264 2037 336 2080 nostri
344 2035 489 2092 pertunditur
498 2036 595 2092 aequoris
603 2041 672 2086 aestu.

85 2107 180 2163 onage:
193 2111 275 2153 cincta
284 2108 348 2152 malis
355 2106 487 2153 habitantur
495 2109 580 2153 nioenia
587 2108 667 2152 Graiis.

85 2179 163 2225 ilicet
171 2179 261 2234 Narycii
269 2182 393 2236 posuerunt
404 2179 488 2223 moenia
499 2178 578 2229 Locri.

85 2252 117 2293 Et
125 2249 262 2293 Sallentinos
270 2248 359 2295 obsedit
368 2249 439 2294 milite
449 2259 541 2305 campos

86 2321 180 2374 Lyctius
189 2318 326 2365 idomeneus
337 2335 343 2362 ι
353 2318 391 2363 bic
402 2319 440 2363 illa
449 2319 512 2364 ducis
522 2317 618 2363 Meliboei

86 2395 161 2437 Parva
168 2391 301 2437 Philoctete
309 2390 401 2436 subnixa
409 2390 489 2435 Petilia
496 2401 572 2435 muro.

87 2462 149 2516 Quin
158 2494 164 2512 .
172 2461 211 2506 ubi
221 2461 358 2506 transmissa
367 2459 472 2505 steterint
478 2463 540 2504 bans
547 2471 638 2517 aequora
647 2461 738 2507 classes.

88 2535 118 2577 lit
125 2533 203 2590 positis
210 2534 308 2586 erisiam
318 2536 371 2577 vota
379 2532 403 2575 in
410 2531 476 2577 litore
485 2531 572 2581 salven

610 2624 642 2663 li.
