1666 2964
219 200 255 240 ius
484 199 612 239 ‚uxuiuos

217 292 247 330 ,it
254 285 334 330 subitae
344 285 452 330 horrifico
462 287 525 342 iapsu
532 286 561 330 dc
568 285 681 329 montibus
690 285 776 329 adsunt

216 356 329 413 Harpyia,
338 359 361 399 et
368 357 456 410 magnis
463 358 567 411 quatiunt
575 355 719 410 clangoribus
726 357 782 408 aias,

216 425 374 482 Diripiantque
384 425 460 483 dapes.
470 427 623 481 contactuque
632 425 709 470 omnia
716 424 804 471 ioedant

215 497 348 548 immundo;
358 498 408 541 tum
416 507 459 541 vox
467 498 550 541 tetrum
559 496 609 540 dira
620 496 680 540 inter
687 495 792 542 odorem.

214 567 343 612 Rursumin
349 579 438 613 secessu
446 569 515 622 longo
522 567 564 611 sub
571 578 628 624 rupe
634 568 721 617 cavata.

215 638 340 683 Arboribus
349 637 420 683 clausi
428 638 515 683 circum
525 640 593 692 atque
605 636 751 681 horrentibus
760 638 816 683 umb

213 709 345 752 instruimus
352 719 448 758 mensas,
456 707 544 763 arisque
551 707 682 764 reponimus
688 705 774 761 iguem.

215 782 313 823 Rursum
321 790 348 823 ex
356 778 446 823 diverso
455 778 505 823 coeli
513 779 622 834 caecisque
630 777 721 822 latebris

214 851 288 894 Turba
297 860 380 893 sonans
387 849 487 905 praedam
496 847 594 905 pedibus
601 847 750 893 circumvolat
756 848 822 893 uncis

215 921 299 964 Polluit
307 931 348 964 ore
359 919 437 976 dapes.
446 919 517 964 sociis
526 922 590 969 tunc,
600 929 663 962 arma
670 921 796 971 capessant.

213 990 291 1044 Edico,
299 994 322 1035 et
331 990 381 1034 dira
389 991 474 1034 bellum
483 991 612 1044 cumgente
620 989 754 1045 gerendum.

214 1062 279 1106 Haud
290 1073 355 1107 secus
362 1072 389 1107 ac
396 1062 453 1116 iussi
461 1059 555 1108 iaciunt.
565 1063 681 1115 tectusque
692 1071 735 1114 per
744 1059 774 1104 ise
792 1077 808 1097 ιι
822 1077 833 1100 ιι

214 1126 341 1190 Disponunt
348 1143 420 1182 enses,
431 1136 454 1176 et
462 1135 527 1176 scuta
538 1130 631 1175 latentia
638 1130 749 1175 condunt.

212 1205 281 1257 Ergo,
290 1202 329 1246 ubi
338 1202 435 1258 delapsae
444 1202 545 1245 sonitum
553 1213 593 1256 pier
601 1212 672 1246 curva
681 1200 765 1246 dedere

213 1273 297 1323 Litora.
310 1272 349 1317 (lat
357 1273 446 1327 signum
456 1274 548 1329 specula
554 1272 653 1317 Misenus
661 1272 689 1316 ab
696 1272 741 1315 alta

212 1346 263 1388 AErc
274 1354 340 1387 cavo.
352 1343 466 1387 invadunt
473 1343 539 1393 socii,
549 1345 573 1387 et
581 1355 640 1387 nova
651 1343 730 1398 prciia
740 1344 829 1388 tentant

212 1414 327 1459 obscenas
335 1412 408 1470 pelagi
418 1412 480 1459 ierro
490 1411 574 1458 ioedare
584 1416 694 1459 volucres

210 1482 336 1539 sedneque
346 1483 392 1528 vim
403 1484 485 1540 plumis
496 1484 572 1534 uliam,
582 1496 625 1528 uec
635 1483 729 1528 vulnera
740 1486 806 1539 tergo

210 1554 349 1611 Adcipiuut3
358 1554 474 1611 celerique
483 1553 535 1608 iuga
544 1555 586 1599 sub
595 1555 668 1599 sidera
677 1556 745 1609 iapsae

209 1625 324 1668 semesam
331 1623 432 1682 praedam
441 1628 464 1668 et
472 1624 567 1678 vestigia
577 1624 637 1669 ioeda
645 1625 784 1680 relinquunt.

210 1696 259 1738 Una
268 1694 293 1741 iu
300 1695 406 1752 praecisa
414 1694 518 1739 consedit
525 1706 582 1750 rupe
591 1695 689 1745 celano.

208 1763 290 1810 infelix
298 1767 368 1818 vates,
377 1765 507 1822 rumpitque
516 1765 576 1810 hauc
584 1769 677 1821 pectore
686 1777 767 1811 vocem
777 1783 784 1808 ι

238 1850 248 1875 ι
262 1834 351 1880 Bellum
358 1836 427 1880 etiam
436 1847 478 1892 pro
489 1835 550 1880 caede
559 1835 630 1879 houm
638 1836 758 1892 stratisque
763 1838 820 1892 juve

210 1905 414 1955 Laomedontiadas.
422 1905 537 1951 bellumne
544 1904 628 1951 inierrc
637 1907 728 1963 paratis,

209 1978 237 2019 ut
246 1978 319 2034 patrio
326 1978 437 2034 Harpyias
446 1978 548 2022 insontes
554 1976 639 2032 pellere
646 1979 732 2033 reguo?

211 2046 315 2104 »tricipite
324 2059 387 2104 ergo,
396 2048 477 2093 animis
485 2051 554 2104 atque
564 2047 613 2093 hac
621 2060 672 2093 mea
679 2047 741 2103 figite
748 2049 809 2094 dicia
818 2067 824 2093 :

210 2122 265 2172 Quia>
275 2118 361 2164 thbo
370 2122 436 2176 pater
446 2119 598 2174 omnipotens.
614 2118 668 2162 mihi
684 2119 782 2165 thbus
793 2125 822 2177 Ap

212 2188 323 2238 Praedixit.
333 2190 397 2235 vobis
407 2191 527 2234 Furiarum
537 2200 579 2244 ego
588 2201 684 2233 maxuna
696 2191 780 2245 pando.

209 2257 294 2301 italiam
303 2269 370 2302 cursu
380 2256 462 2313 petitis.
474 2256 593 2312 scutisque
603 2256 689 2301 vocatis

210 2327 373 2378 ibitisiiaiiam
385 2330 508 2384 portusque
519 2327 601 2372 iuuare
612 2327 685 2372 licebit
698 2345 703 2371 ι

111 2498 266 2584 ,Α
