<?xml version="1.0" encoding="UTF-8"?>
<!DOCTYPE html PUBLIC "-//W3C//DTD XHTML 1.0 Transitional//EN"
    "http://www.w3.org/TR/xhtml1/DTD/xhtml1-transitional.dtd">
<html xmlns="http://www.w3.org/1999/xhtml" xml:lang="en" lang="en">
 <head>
  <title>
</title>
<meta http-equiv="Content-Type" content="text/html;charset=utf-8" />
  <meta name='ocr-system' content='tesseract 3.04.00' />
  <meta name='ocr-capabilities' content='ocr_page ocr_carea ocr_par ocr_line ocrx_word'/>
</head>
<body>
  <div class='ocr_page' id='page_1' title='image "./publiivirgiliim00rivigoog/publiivirgiliim00rivigoog_0144.png"; bbox 0 0 1666 2964; ppageno 0'>
   <div class='ocr_carea' id='block_1_1' title="bbox 87 388 799 431">
    <p class='ocr_par' dir='ltr' id='par_1_1' title="bbox 87 388 799 431">
     <span class='ocr_line' id='line_1_1' title="bbox 87 388 799 431; baseline 0 0"><span class='ocrx_word' id='word_1_1' title='bbox 87 388 113 431; x_wconf 75' lang='grc'>91</span> <span class='ocrx_word' id='word_1_2' title='bbox 361 388 445 431; x_wconf 78' lang='lat' dir='ltr'><strong>LIBER</strong></span> <span class='ocrx_word' id='word_1_3' title='bbox 461 389 477 428; x_wconf 88' lang='lat' dir='ltr'>l.</span> <span class='ocrx_word' id='word_1_4' title='bbox 716 393 754 431; x_wconf 77' lang='lat' dir='ltr'>l.&#39;›‘J</span> <span class='ocrx_word' id='word_1_5' title='bbox 792 393 799 406; x_wconf 69' lang='lat'>²</span> 
     </span>
    </p>
   </div>
   <div class='ocr_carea' id='block_1_2' title="bbox 81 470 755 1942">
    <p class='ocr_par' dir='ltr' id='par_1_2' title="bbox 81 470 755 1942">
     <span class='ocr_line' id='line_1_2' title="bbox 86 470 646 529; baseline 0 -13"><span class='ocrx_word' id='word_1_6' title='bbox 86 474 145 518; x_wconf 81' lang='lat' dir='ltr'>Talin</span> <span class='ocrx_word' id='word_1_7' title='bbox 153 482 210 519; x_wconf 79' lang='lat' dir='ltr'>voce</span> <span class='ocrx_word' id='word_1_8' title='bbox 217 470 302 517; x_wconf 76' lang='lat' dir='ltr'>refert:</span> <span class='ocrx_word' id='word_1_9' title='bbox 312 475 350 515; x_wconf 81' lang='grc' dir='ltr'>ιο</span> <span class='ocrx_word' id='word_1_10' title='bbox 360 475 437 529; x_wconf 90' lang='lat' dir='ltr'>terque</span> <span class='ocrx_word' id='word_1_11' title='bbox 446 478 570 528; x_wconf 74' lang='lat' dir='ltr'><strong>quaterque</strong></span> <span class='ocrx_word' id='word_1_12' title='bbox 577 474 646 523; x_wconf 84' lang='lat' dir='ltr'>beati,</span> 
     </span>
     <span class='ocr_line' id='line_1_3' title="bbox 84 543 673 601; baseline 0 -12"><span class='ocrx_word' id='word_1_13' title='bbox 84 544 136 598; x_wconf 75' lang='lat' dir='ltr'>Quis</span> <span class='ocrx_word' id='word_1_14' title='bbox 143 546 248 589; x_wconf 77' lang='lat' dir='ltr'>anteora</span> <span class='ocrx_word' id='word_1_15' title='bbox 254 545 353 601; x_wconf 73' lang='lat' dir='ltr'>petrum.</span> <span class='ocrx_word' id='word_1_16' title='bbox 364 547 438 598; x_wconf 67' lang='lat' dir='ltr'>Troius</span> <span class='ocrx_word' id='word_1_17' title='bbox 444 543 486 587; x_wconf 90' lang='lat' dir='ltr'>sub</span> <span class='ocrx_word' id='word_1_18' title='bbox 494 543 606 589; x_wconf 72' lang='lat' dir='ltr'>moenbus</span> <span class='ocrx_word' id='word_1_19' title='bbox 614 547 673 595; x_wconf 79' lang='grc'><strong>11111,</strong></span> 
     </span>
     <span class='ocr_line' id='line_1_4' title="bbox 84 612 674 670; baseline 0 -11"><span class='ocrx_word' id='word_1_20' title='bbox 84 615 313 670; x_wconf 70' lang='lat' dir='ltr'>contigitoppetene!</span> <span class='ocrx_word' id='word_1_21' title='bbox 322 617 343 656; x_wconf 88' lang='grc' dir='ltr'><strong>ο</strong></span> <span class='ocrx_word' id='word_1_22' title='bbox 354 614 455 659; x_wconf 80' lang='grc'><strong>11111111</strong></span> <span class='ocrx_word' id='word_1_23' title='bbox 466 612 590 659; x_wconf 73' lang='lat' dir='ltr'>fortissime</span> <span class='ocrx_word' id='word_1_24' title='bbox 598 618 674 669; x_wconf 74' lang='lat' dir='ltr'>gentis</span> 
     </span>
     <span class='ocr_line' id='line_1_5' title="bbox 85 685 576 741; baseline 0.002 -13"><span class='ocrx_word' id='word_1_25' title='bbox 85 685 178 741; x_wconf 63' lang='lat' dir='ltr'>tydide.</span> <span class='ocrx_word' id='word_1_26' title='bbox 190 696 259 729; x_wconf 86' lang='lat' dir='ltr'>mene</span> <span class='ocrx_word' id='word_1_27' title='bbox 266 685 342 729; x_wconf 75' lang='lat' dir='ltr'>Iliacis</span> <span class='ocrx_word' id='word_1_28' title='bbox 348 685 483 730; x_wconf 86' lang='lat' dir='ltr'>occumbere</span> <span class='ocrx_word' id='word_1_29' title='bbox 491 687 576 741; x_wconf 80' lang='lat' dir='ltr'>campis</span> 
     </span>
     <span class='ocr_line' id='line_1_6' title="bbox 88 754 755 814; baseline 0.004 -16"><span class='ocrx_word' id='word_1_30' title='bbox 88 758 131 799; x_wconf 85' lang='lat' dir='ltr'>lion</span> <span class='ocrx_word' id='word_1_31' title='bbox 138 757 254 814; x_wconf 73' lang='lat' dir='ltr'>pomisne,</span> <span class='ocrx_word' id='word_1_32' title='bbox 267 758 351 811; x_wconf 80' lang='lat' dir='ltr'><strong>tuaque</strong></span> <span class='ocrx_word' id='word_1_33' title='bbox 363 756 463 798; x_wconf 77' lang='lat' dir='ltr'>eitimam</span> <span class='ocrx_word' id='word_1_34' title='bbox 472 754 532 800; x_wconf 80' lang='lat' dir='ltr'>lianc</span> <span class='ocrx_word' id='word_1_35' title='bbox 539 755 658 800; x_wconf 75' lang='lat' dir='ltr'>effundero</span> <span class='ocrx_word' id='word_1_36' title='bbox 666 756 755 801; x_wconf 80' lang='lat' dir='ltr'>dextro!</span> 
     </span>
     <span class='ocr_line' id='line_1_7' title="bbox 86 825 681 883; baseline 0 -12"><span class='ocrx_word' id='word_1_37' title='bbox 86 829 155 871; x_wconf 74' lang='lat' dir='ltr'>sevus</span> <span class='ocrx_word' id='word_1_38' title='bbox 166 825 208 869; x_wconf 90' lang='lat' dir='ltr'>ubi</span> <span class='ocrx_word' id='word_1_39' title='bbox 218 825 318 870; x_wconf 77' lang='lat' dir='ltr'>AEacidae</span> <span class='ocrx_word' id='word_1_40' title='bbox 327 827 440 880; x_wconf 82' lang='lat' dir='ltr'>telojacet</span> <span class='ocrx_word' id='word_1_41' title='bbox 450 829 543 877; x_wconf 84' lang='lat' dir='ltr'>licetur,</span> <span class='ocrx_word' id='word_1_42' title='bbox 553 827 681 883; x_wconf 78' lang='lat' dir='ltr'>ubiingens</span> 
     </span>
     <span class='ocr_line' id='line_1_8' title="bbox 84 895 637 954; baseline 0.005 -15"><span class='ocrx_word' id='word_1_43' title='bbox 84 895 214 953; x_wconf 77' lang='lat' dir='ltr'>sarpedon.</span> <span class='ocrx_word' id='word_1_44' title='bbox 225 895 265 939; x_wconf 94' lang='lat' dir='ltr'>ubi</span> <span class='ocrx_word' id='word_1_45' title='bbox 274 898 309 940; x_wconf 88' lang='lat' dir='ltr'>tot</span> <span class='ocrx_word' id='word_1_46' title='bbox 314 897 396 940; x_wconf 86' lang='lat' dir='ltr'>Simois</span> <span class='ocrx_word' id='word_1_47' title='bbox 402 900 509 954; x_wconf 75' lang='lat' dir='ltr'>correpto</span> <span class='ocrx_word' id='word_1_48' title='bbox 517 899 560 942; x_wconf 91' lang='lat' dir='ltr'>sub</span> <span class='ocrx_word' id='word_1_49' title='bbox 568 898 637 943; x_wconf 87' lang='lat' dir='ltr'>undis</span> 
     </span>
     <span class='ocr_line' id='line_1_9' title="bbox 81 965 687 1024; baseline -0.008 -11"><span class='ocrx_word' id='word_1_50' title='bbox 81 973 147 1013; x_wconf 78' lang='lat' dir='ltr'>suite</span> <span class='ocrx_word' id='word_1_51' title='bbox 154 967 238 1011; x_wconf 77' lang='lat' dir='ltr'>rimm</span> <span class='ocrx_word' id='word_1_52' title='bbox 244 967 363 1023; x_wconf 77' lang='lat' dir='ltr'>galeasque</span> <span class='ocrx_word' id='word_1_53' title='bbox 372 968 395 1012; x_wconf 85' lang='lat' dir='ltr'>et</span> <span class='ocrx_word' id='word_1_54' title='bbox 404 965 472 1011; x_wconf 79' lang='lat' dir='ltr'>tortia</span> <span class='ocrx_word' id='word_1_55' title='bbox 480 979 576 1024; x_wconf 79' lang='lat' dir='ltr'>corpora</span> <span class='ocrx_word' id='word_1_56' title='bbox 584 969 667 1013; x_wconf 82' lang='lat' dir='ltr'>volvit!</span> <span class='ocrx_word' id='word_1_57' title='bbox 679 985 687 1008; x_wconf 77' lang='grc' dir='ltr'>ι</span> 
     </span>
     <span class='ocr_line' id='line_1_10' title="bbox 109 1037 615 1096; baseline 0.004 -14"><span class='ocrx_word' id='word_1_58' title='bbox 109 1039 174 1083; x_wconf 75' lang='lat' dir='ltr'>Talia</span> <span class='ocrx_word' id='word_1_59' title='bbox 182 1037 281 1092; x_wconf 79' lang='lat' dir='ltr'>jactanti</span> <span class='ocrx_word' id='word_1_60' title='bbox 289 1037 387 1083; x_wconf 83' lang='lat' dir='ltr'>stridens</span> <span class='ocrx_word' id='word_1_61' title='bbox 395 1038 508 1094; x_wconf 75' lang='lat' dir='ltr'>Aquilone</span> <span class='ocrx_word' id='word_1_62' title='bbox 516 1040 615 1096; x_wconf 78' lang='lat' dir='ltr'>procella</span> 
     </span>
     <span class='ocr_line' id='line_1_11' title="bbox 86 1105 662 1164; baseline 0.002 -13"><span class='ocrx_word' id='word_1_63' title='bbox 86 1109 161 1153; x_wconf 81' lang='lat' dir='ltr'>velum</span> <span class='ocrx_word' id='word_1_64' title='bbox 168 1107 268 1152; x_wconf 78' lang='lat' dir='ltr'>adversa</span> <span class='ocrx_word' id='word_1_65' title='bbox 276 1106 337 1157; x_wconf 79' lang='lat' dir='ltr'>ierit,</span> <span class='ocrx_word' id='word_1_66' title='bbox 344 1105 470 1164; x_wconf 70' lang='lat' dir='ltr'>tinctusque</span> <span class='ocrx_word' id='word_1_67' title='bbox 478 1108 507 1151; x_wconf 84' lang='lat' dir='ltr'>ad</span> <span class='ocrx_word' id='word_1_68' title='bbox 514 1108 588 1153; x_wconf 81' lang='lat' dir='ltr'>sidera</span> <span class='ocrx_word' id='word_1_69' title='bbox 596 1109 662 1152; x_wconf 81' lang='lat' dir='ltr'>tollit.</span> 
     </span>
     <span class='ocr_line' id='line_1_12' title="bbox 89 1178 664 1235; baseline 0.002 -14"><span class='ocrx_word' id='word_1_70' title='bbox 89 1182 234 1235; x_wconf 69' lang='lat' dir='ltr'><strong>Franguntur</strong></span> <span class='ocrx_word' id='word_1_71' title='bbox 242 1179 301 1222; x_wconf 87' lang='lat' dir='ltr'>remi</span> <span class='ocrx_word' id='word_1_72' title='bbox 311 1194 318 1220; x_wconf 79' lang='lat'>2</span> <span class='ocrx_word' id='word_1_73' title='bbox 329 1181 377 1222; x_wconf 89' lang='lat' dir='ltr'>tum</span> <span class='ocrx_word' id='word_1_74' title='bbox 388 1189 457 1233; x_wconf 85' lang='lat' dir='ltr'>prom</span> <span class='ocrx_word' id='word_1_75' title='bbox 465 1179 554 1228; x_wconf 79' lang='lat' dir='ltr'>avertit,</span> <span class='ocrx_word' id='word_1_76' title='bbox 564 1182 588 1222; x_wconf 92' lang='lat' dir='ltr'>et</span> <span class='ocrx_word' id='word_1_77' title='bbox 596 1178 664 1222; x_wconf 86' lang='lat' dir='ltr'>undis</span> 
     </span>
     <span class='ocr_line' id='line_1_13' title="bbox 96 1249 731 1306; baseline 0 -15"><span class='ocrx_word' id='word_1_78' title='bbox 96 1249 209 1301; x_wconf 64' lang='lat' dir='ltr'>nathum</span> <span class='ocrx_word' id='word_1_79' title='bbox 219 1249 348 1305; x_wconf 88' lang='lat' dir='ltr'>insequitur</span> <span class='ocrx_word' id='word_1_80' title='bbox 353 1249 445 1293; x_wconf 88' lang='lat' dir='ltr'>cumulo</span> <span class='ocrx_word' id='word_1_81' title='bbox 450 1251 580 1305; x_wconf 75' lang='lat' dir='ltr'>proruptus</span> <span class='ocrx_word' id='word_1_82' title='bbox 586 1261 650 1306; x_wconf 76' lang='lat' dir='ltr'>aqum</span> <span class='ocrx_word' id='word_1_83' title='bbox 657 1261 731 1293; x_wconf 83' lang='lat' dir='ltr'>mons.</span> 
     </span>
     <span class='ocr_line' id='line_1_14' title="bbox 92 1317 704 1376; baseline 0.003 -15"><span class='ocrx_word' id='word_1_84' title='bbox 92 1320 216 1365; x_wconf 85' lang='lat' dir='ltr'>llimmmo</span> <span class='ocrx_word' id='word_1_85' title='bbox 224 1320 250 1363; x_wconf 92' lang='lat' dir='ltr'>in</span> <span class='ocrx_word' id='word_1_86' title='bbox 259 1317 331 1362; x_wconf 87' lang='lat' dir='ltr'>linctu</span> <span class='ocrx_word' id='word_1_87' title='bbox 340 1318 457 1376; x_wconf 77' lang='lat' dir='ltr'>pendent:</span> <span class='ocrx_word' id='word_1_88' title='bbox 469 1319 505 1362; x_wconf 89' lang='lat' dir='ltr'>his</span> <span class='ocrx_word' id='word_1_89' title='bbox 516 1317 578 1363; x_wconf 81' lang='lat' dir='ltr'>undu</span> <span class='ocrx_word' id='word_1_90' title='bbox 587 1318 704 1364; x_wconf 82' lang='lat' dir='ltr'>dehiscens</span> 
     </span>
     <span class='ocr_line' id='line_1_15' title="bbox 87 1386 673 1445; baseline 0 -13"><span class='ocrx_word' id='word_1_91' title='bbox 87 1392 180 1435; x_wconf 74' lang='lat' dir='ltr'>Terram</span> <span class='ocrx_word' id='word_1_92' title='bbox 187 1390 250 1433; x_wconf 88' lang='lat' dir='ltr'>inter</span> <span class='ocrx_word' id='word_1_93' title='bbox 257 1386 340 1433; x_wconf 87' lang='lat' dir='ltr'>fluctus</span> <span class='ocrx_word' id='word_1_94' title='bbox 350 1389 423 1445; x_wconf 85' lang='lat' dir='ltr'>aperit</span> <span class='ocrx_word' id='word_1_95' title='bbox 433 1402 439 1428; x_wconf 73' lang='grc' dir='ltr'><strong>ε</strong></span> <span class='ocrx_word' id='word_1_96' title='bbox 452 1387 508 1434; x_wconf 85' lang='lat' dir='ltr'>luril</span> <span class='ocrx_word' id='word_1_97' title='bbox 517 1393 584 1432; x_wconf 85' lang='lat' dir='ltr'>aestns</span> <span class='ocrx_word' id='word_1_98' title='bbox 591 1390 673 1434; x_wconf 78' lang='lat' dir='ltr'>crenis.</span> 
     </span>
     <span class='ocr_line' id='line_1_16' title="bbox 83 1460 633 1517; baseline 0.005 -14"><span class='ocrx_word' id='word_1_99' title='bbox 83 1464 137 1507; x_wconf 70' lang='lat' dir='ltr'>ires</span> <span class='ocrx_word' id='word_1_100' title='bbox 147 1463 225 1504; x_wconf 83' lang='lat' dir='ltr'>Notus</span> <span class='ocrx_word' id='word_1_101' title='bbox 233 1460 337 1515; x_wconf 74' lang='lat' dir='ltr'>abreptas</span> <span class='ocrx_word' id='word_1_102' title='bbox 346 1461 371 1503; x_wconf 93' lang='lat' dir='ltr'>in</span> <span class='ocrx_word' id='word_1_103' title='bbox 379 1472 433 1504; x_wconf 81' lang='lat' dir='ltr'>saxa</span> <span class='ocrx_word' id='word_1_104' title='bbox 442 1460 534 1505; x_wconf 74' lang='lat' dir='ltr'>intentio</span> <span class='ocrx_word' id='word_1_105' title='bbox 542 1463 633 1517; x_wconf 77' lang='lat' dir='ltr'><strong>torquet</strong></span> 
     </span>
     <span class='ocr_line' id='line_1_17' title="bbox 82 1530 715 1586; baseline -0.005 -8"><span class='ocrx_word' id='word_1_106' title='bbox 82 1535 151 1579; x_wconf 69' lang='lat' dir='ltr'>(Saxa</span> <span class='ocrx_word' id='word_1_107' title='bbox 159 1535 246 1576; x_wconf 80' lang='lat' dir='ltr'>vocant</span> <span class='ocrx_word' id='word_1_108' title='bbox 254 1530 312 1581; x_wconf 78' lang='lat' dir='ltr'>Itali,</span> <span class='ocrx_word' id='word_1_109' title='bbox 322 1530 403 1576; x_wconf 79' lang='lat' dir='ltr'>mediis</span> <span class='ocrx_word' id='word_1_110' title='bbox 414 1542 464 1586; x_wconf 81' lang='lat' dir='ltr'>quae</span> <span class='ocrx_word' id='word_1_111' title='bbox 473 1532 497 1574; x_wconf 87' lang='lat' dir='ltr'>in</span> <span class='ocrx_word' id='word_1_112' title='bbox 507 1530 621 1580; x_wconf 82' lang='lat' dir='ltr'>fluctibus.</span> <span class='ocrx_word' id='word_1_113' title='bbox 631 1537 715 1578; x_wconf 78' lang='lat' dir='ltr'>Arest:</span> 
     </span>
     <span class='ocr_line' id='line_1_18' title="bbox 85 1604 705 1652; baseline 0 -2"><span class='ocrx_word' id='word_1_114' title='bbox 85 1608 187 1650; x_wconf 72' lang='lat' dir='ltr'>Dorum</span> <span class='ocrx_word' id='word_1_115' title='bbox 196 1606 297 1648; x_wconf 79' lang='lat' dir='ltr'>immune</span> <span class='ocrx_word' id='word_1_116' title='bbox 304 1604 361 1648; x_wconf 79' lang='lat' dir='ltr'>mari</span> <span class='ocrx_word' id='word_1_117' title='bbox 370 1616 468 1648; x_wconf 88' lang='lat' dir='ltr'>summo.</span> <span class='ocrx_word' id='word_1_118' title='bbox 477 1609 533 1649; x_wconf 83' lang='lat' dir='ltr'>Tres</span> <span class='ocrx_word' id='word_1_119' title='bbox 540 1608 613 1650; x_wconf 84' lang='lat' dir='ltr'>Eurus</span> <span class='ocrx_word' id='word_1_120' title='bbox 623 1609 651 1651; x_wconf 79' lang='lat' dir='ltr'>ab</span> <span class='ocrx_word' id='word_1_121' title='bbox 659 1608 705 1652; x_wconf 82' lang='lat' dir='ltr'>allo</span> 
     </span>
     <span class='ocr_line' id='line_1_19' title="bbox 85 1675 603 1730; baseline 0.002 -12"><span class='ocrx_word' id='word_1_122' title='bbox 85 1678 116 1719; x_wconf 90' lang='lat' dir='ltr'>ln</span> <span class='ocrx_word' id='word_1_123' title='bbox 127 1675 208 1720; x_wconf 79' lang='lat' dir='ltr'>brevia</span> <span class='ocrx_word' id='word_1_124' title='bbox 216 1677 239 1720; x_wconf 87' lang='lat' dir='ltr'>et</span> <span class='ocrx_word' id='word_1_125' title='bbox 247 1677 319 1730; x_wconf 74' lang='lat' dir='ltr'>syrtes</span> <span class='ocrx_word' id='word_1_126' title='bbox 327 1680 401 1730; x_wconf 82' lang='lat' dir='ltr'>urget,</span> <span class='ocrx_word' id='word_1_127' title='bbox 411 1675 537 1720; x_wconf 78' lang='lat' dir='ltr'>miserabile</span> <span class='ocrx_word' id='word_1_128' title='bbox 545 1677 603 1726; x_wconf 87' lang='lat' dir='ltr'>visu,</span> 
     </span>
     <span class='ocr_line' id='line_1_20' title="bbox 83 1744 625 1801; baseline 0 -14"><span class='ocrx_word' id='word_1_129' title='bbox 83 1744 206 1801; x_wconf 80' lang='lat' dir='ltr'>liiiditqne</span> <span class='ocrx_word' id='word_1_130' title='bbox 213 1744 285 1795; x_wconf 76' lang='lat' dir='ltr'>vadis,</span> <span class='ocrx_word' id='word_1_131' title='bbox 296 1748 363 1801; x_wconf 81' lang='lat' dir='ltr'><strong>atque</strong></span> <span class='ocrx_word' id='word_1_132' title='bbox 372 1755 453 1799; x_wconf 73' lang='lat' dir='ltr'>aggere</span> <span class='ocrx_word' id='word_1_133' title='bbox 462 1746 533 1800; x_wconf 80' lang='lat' dir='ltr'>cingit</span> <span class='ocrx_word' id='word_1_134' title='bbox 541 1757 625 1790; x_wconf 74' lang='lat' dir='ltr'>arene.</span> 
     </span>
     <span class='ocr_line' id='line_1_21' title="bbox 87 1812 670 1871; baseline 0.009 -14"><span class='ocrx_word' id='word_1_135' title='bbox 87 1818 172 1863; x_wconf 78' lang='lat' dir='ltr'>unam,</span> <span class='ocrx_word' id='word_1_136' title='bbox 182 1824 233 1871; x_wconf 75' lang='lat' dir='ltr'>que</span> <span class='ocrx_word' id='word_1_137' title='bbox 242 1814 324 1869; x_wconf 77' lang='lat' dir='ltr'>tyrios</span> <span class='ocrx_word' id='word_1_138' title='bbox 332 1812 448 1870; x_wconf 73' lang='lat' dir='ltr'>fictumque</span> <span class='ocrx_word' id='word_1_139' title='bbox 456 1815 552 1861; x_wconf 82' lang='lat' dir='ltr'>vehebat</span> <span class='ocrx_word' id='word_1_140' title='bbox 560 1818 670 1862; x_wconf 84' lang='lat' dir='ltr'>Oronten.</span> 
     </span>
     <span class='ocr_line' id='line_1_22' title="bbox 90 1885 607 1942; baseline 0.006 -15"><span class='ocrx_word' id='word_1_141' title='bbox 90 1885 164 1942; x_wconf 79' lang='lat' dir='ltr'>ipsius</span> <span class='ocrx_word' id='word_1_142' title='bbox 173 1889 227 1929; x_wconf 81' lang='lat' dir='ltr'>ante</span> <span class='ocrx_word' id='word_1_143' title='bbox 234 1885 398 1939; x_wconf 79' lang='lat' dir='ltr'>oeulosingens</span> <span class='ocrx_word' id='word_1_144' title='bbox 407 1898 420 1929; x_wconf 92' lang='grc'>1</span> <span class='ocrx_word' id='word_1_145' title='bbox 430 1886 514 1930; x_wconf 82' lang='lat' dir='ltr'>vertice</span> <span class='ocrx_word' id='word_1_146' title='bbox 523 1893 607 1938; x_wconf 80' lang='lat' dir='ltr'>pontus</span> 
     </span>
    </p>
   </div>
   <div class='ocr_carea' id='block_1_3' title="bbox 87 1954 759 2225">
    <p class='ocr_par' dir='ltr' id='par_1_3' title="bbox 87 1954 759 2225">
     <span class='ocr_line' id='line_1_23' title="bbox 87 1954 679 2014; baseline 0 -15"><span class='ocrx_word' id='word_1_147' title='bbox 87 1957 114 1999; x_wconf 92' lang='lat' dir='ltr'>ln</span> <span class='ocrx_word' id='word_1_148' title='bbox 123 1956 222 2014; x_wconf 82' lang='lat' dir='ltr'>puppim</span> <span class='ocrx_word' id='word_1_149' title='bbox 229 1954 281 2000; x_wconf 80' lang='lat' dir='ltr'>lenit</span> <span class='ocrx_word' id='word_1_150' title='bbox 289 1956 421 2006; x_wconf 73' lang='lat' dir='ltr'>zexcutitur,</span> <span class='ocrx_word' id='word_1_151' title='bbox 431 1968 561 2013; x_wconf 88' lang='lat' dir='ltr'>pronusque</span> <span class='ocrx_word' id='word_1_152' title='bbox 572 1959 679 2011; x_wconf 78' lang='lat' dir='ltr'>magister</span> 
     </span>
     <span class='ocr_line' id='line_1_24' title="bbox 87 2027 660 2083; baseline 0.003 -15"><span class='ocrx_word' id='word_1_153' title='bbox 87 2028 194 2071; x_wconf 82' lang='lat' dir='ltr'>volvitur</span> <span class='ocrx_word' id='word_1_154' title='bbox 202 2027 226 2070; x_wconf 91' lang='lat' dir='ltr'>in</span> <span class='ocrx_word' id='word_1_155' title='bbox 236 2029 319 2083; x_wconf 61' lang='lat' dir='ltr'>capon</span> <span class='ocrx_word' id='word_1_156' title='bbox 330 2029 363 2070; x_wconf 82' lang='lat' dir='ltr'>ast</span> <span class='ocrx_word' id='word_1_157' title='bbox 372 2027 434 2071; x_wconf 84' lang='lat' dir='ltr'>illam</span> <span class='ocrx_word' id='word_1_158' title='bbox 444 2027 569 2072; x_wconf 87' lang='lat' dir='ltr'>ter.lluctus</span> <span class='ocrx_word' id='word_1_159' title='bbox 577 2028 660 2072; x_wconf 81' lang='lat' dir='ltr'>ibidem</span> 
     </span>
     <span class='ocr_line' id='line_1_25' title="bbox 88 2099 759 2154; baseline 0.001 -14"><span class='ocrx_word' id='word_1_160' title='bbox 88 2099 759 2154; x_wconf 73' lang='lat' dir='ltr'>Torquetegenscircumstrapidnsvorntequorevortcn.</span> 
     </span>
     <span class='ocr_line' id='line_1_26' title="bbox 90 2168 571 2225; baseline -0.002 -14"><span class='ocrx_word' id='word_1_161' title='bbox 90 2168 208 2225; x_wconf 75' lang='lat' dir='ltr'>Adparent</span> <span class='ocrx_word' id='word_1_162' title='bbox 221 2168 266 2211; x_wconf 84' lang='lat' dir='ltr'>rari</span> <span class='ocrx_word' id='word_1_163' title='bbox 275 2172 356 2213; x_wconf 84' lang='lat' dir='ltr'>nantes</span> <span class='ocrx_word' id='word_1_164' title='bbox 363 2169 387 2211; x_wconf 91' lang='lat' dir='ltr'>ln</span> <span class='ocrx_word' id='word_1_165' title='bbox 397 2169 488 2223; x_wconf 78' lang='lat' dir='ltr'>gurgite</span> <span class='ocrx_word' id='word_1_166' title='bbox 496 2171 571 2217; x_wconf 69' lang='lat' dir='ltr'>vestm</span> 
     </span>
    </p>
   </div>
   <div class='ocr_carea' id='block_1_4' title="bbox 89 2238 708 2580">
    <p class='ocr_par' dir='ltr' id='par_1_4' title="bbox 89 2238 708 2580">
     <span class='ocr_line' id='line_1_27' title="bbox 89 2238 708 2295; baseline -0.005 -12"><span class='ocrx_word' id='word_1_167' title='bbox 89 2246 158 2283; x_wconf 75' lang='lat' dir='ltr'><strong>Anna</strong></span> <span class='ocrx_word' id='word_1_168' title='bbox 167 2239 251 2288; x_wconf 75' lang='lat' dir='ltr'>virum,</span> <span class='ocrx_word' id='word_1_169' title='bbox 262 2238 395 2294; x_wconf 80' lang='lat' dir='ltr'>tobnlaeqne.</span> <span class='ocrx_word' id='word_1_170' title='bbox 406 2241 429 2283; x_wconf 88' lang='lat' dir='ltr'>el</span> <span class='ocrx_word' id='word_1_171' title='bbox 438 2241 506 2283; x_wconf 82' lang='lat' dir='ltr'>Troia</span> <span class='ocrx_word' id='word_1_172' title='bbox 515 2250 569 2294; x_wconf 79' lang='lat' dir='ltr'><strong>gaza</strong></span> <span class='ocrx_word' id='word_1_173' title='bbox 577 2251 619 2295; x_wconf 84' lang='lat' dir='ltr'>pei·</span> <span class='ocrx_word' id='word_1_174' title='bbox 628 2239 708 2282; x_wconf 78' lang='lat' dir='ltr'>riniins.</span> 
     </span>
     <span class='ocr_line' id='line_1_28' title="bbox 90 2309 677 2364; baseline 0 -12"><span class='ocrx_word' id='word_1_175' title='bbox 90 2313 142 2354; x_wconf 80' lang='lat' dir='ltr'>lam</span> <span class='ocrx_word' id='word_1_176' title='bbox 151 2310 250 2355; x_wconf 79' lang='lat' dir='ltr'>validum</span> <span class='ocrx_word' id='word_1_177' title='bbox 258 2310 338 2354; x_wconf 87' lang='lat' dir='ltr'>Ilionei</span> <span class='ocrx_word' id='word_1_178' title='bbox 348 2320 439 2362; x_wconf 80' lang='lat' dir='ltr'>navem,</span> <span class='ocrx_word' id='word_1_179' title='bbox 447 2313 495 2364; x_wconf 80' lang='lat' dir='ltr'>jorn</span> <span class='ocrx_word' id='word_1_180' title='bbox 504 2310 568 2354; x_wconf 88' lang='lat' dir='ltr'>tortis</span> <span class='ocrx_word' id='word_1_181' title='bbox 578 2309 677 2359; x_wconf 74' lang='lat' dir='ltr'>Achate,</span> 
     </span>
     <span class='ocr_line' id='line_1_29' title="bbox 90 2381 650 2437; baseline 0.002 -13"><span class='ocrx_word' id='word_1_182' title='bbox 90 2384 119 2425; x_wconf 81' lang='grc'>111</span> <span class='ocrx_word' id='word_1_183' title='bbox 125 2393 171 2437; x_wconf 81' lang='lat' dir='ltr'>qna</span> <span class='ocrx_word' id='word_1_184' title='bbox 177 2383 255 2427; x_wconf 83' lang='lat' dir='ltr'>vectus</span> <span class='ocrx_word' id='word_1_185' title='bbox 264 2382 331 2431; x_wconf 76' lang='lat' dir='ltr'>Abas,</span> <span class='ocrx_word' id='word_1_186' title='bbox 342 2384 365 2425; x_wconf 91' lang='lat' dir='ltr'>et</span> <span class='ocrx_word' id='word_1_187' title='bbox 374 2393 418 2436; x_wconf 87' lang='lat' dir='ltr'>qna</span> <span class='ocrx_word' id='word_1_188' title='bbox 426 2381 560 2436; x_wconf 74' lang='lat' dir='ltr'>grandevus</span> <span class='ocrx_word' id='word_1_189' title='bbox 568 2382 650 2429; x_wconf 80' lang='lat' dir='ltr'>Aletes.</span> 
     </span>
     <span class='ocr_line' id='line_1_30' title="bbox 92 2452 654 2509; baseline 0.007 -17"><span class='ocrx_word' id='word_1_190' title='bbox 92 2453 151 2498; x_wconf 89' lang='lat' dir='ltr'>vicit</span> <span class='ocrx_word' id='word_1_191' title='bbox 157 2453 231 2496; x_wconf 85' lang='lat' dir='ltr'>hiems</span> <span class='ocrx_word' id='word_1_192' title='bbox 240 2468 246 2495; x_wconf 72' lang='grc' dir='ltr'><strong><em>ε</em></strong></span> <span class='ocrx_word' id='word_1_193' title='bbox 255 2452 309 2495; x_wconf 83' lang='lat' dir='ltr'>laxis</span> <span class='ocrx_word' id='word_1_194' title='bbox 316 2452 413 2496; x_wconf 80' lang='lat' dir='ltr'>laterum</span> <span class='ocrx_word' id='word_1_195' title='bbox 420 2453 566 2509; x_wconf 77' lang='lat' dir='ltr'>compagibus</span> <span class='ocrx_word' id='word_1_196' title='bbox 574 2464 654 2497; x_wconf 86' lang='lat' dir='ltr'>omues</span> 
     </span>
     <span class='ocr_line' id='line_1_31' title="bbox 93 2521 693 2580; baseline -0.003 -15"><span class='ocrx_word' id='word_1_197' title='bbox 93 2523 218 2580; x_wconf 78' lang='lat' dir='ltr'>Adcipiunt</span> <span class='ocrx_word' id='word_1_198' title='bbox 227 2522 344 2567; x_wconf 77' lang='lat' dir='ltr'>inimicum</span> <span class='ocrx_word' id='word_1_199' title='bbox 353 2521 456 2575; x_wconf 82' lang='lat' dir='ltr'>imbrem,</span> <span class='ocrx_word' id='word_1_200' title='bbox 465 2523 571 2578; x_wconf 86' lang='lat' dir='ltr'>rimisque</span> <span class='ocrx_word' id='word_1_201' title='bbox 580 2523 693 2567; x_wconf 77' lang='lat' dir='ltr'>latisruut.</span> 
     </span>
    </p>
   </div>
   <div class='ocr_carea' id='block_1_5' title="bbox 651 2632 686 2675">
    <p class='ocr_par' dir='ltr' id='par_1_5' title="bbox 651 2632 686 2675">
     <span class='ocr_line' id='line_1_32' title="bbox 651 2632 686 2675; baseline -0.057 -1"><span class='ocrx_word' id='word_1_202' title='bbox 651 2632 686 2675; x_wconf 81' lang='lat' dir='ltr'>itt.</span> 
     </span>
    </p>
   </div>
   <div class='ocr_carea' id='block_1_6' title="bbox 0 0 854 2964">
    <p class='ocr_par' dir='ltr' id='par_1_6' title="bbox 0 0 854 2964">
     <span class='ocr_line' id='line_1_33' title="bbox 0 0 854 2964; baseline 0 0"><span class='ocrx_word' id='word_1_203' title='bbox 0 0 854 2964; x_wconf 95' lang='lat' dir='ltr'> </span> 
     </span>
    </p>
   </div>
  </div>
 </body>
</html>
