1666 2964
86 458 125 499 {08
333 452 499 495 oeouolcou
710 452 751 495 ⁸08

85 544 131 586 Aut
143 540 266 597 impacatos
275 542 360 594 atergo
373 538 477 601 horrebis
484 534 596 582 iliberos.¹

84 616 147 669 supe
154 612 224 656 etiarn
232 612 299 655 cursu
308 609 398 654 timidos
406 609 500 666 agitabis
511 620 620 665 onagros.

84 685 112 725 ut
119 681 213 725 canibus
219 680 320 736 leporem
328 714 335 731 .
344 680 440 724 canibus
445 679 558 724 venabere
563 678 650 723 damas.

82 754 147 807 saepe
155 749 280 794 volutabris
288 751 364 806 pulsos
371 748 511 793 silvestribus
517 759 584 805 apros

83 823 176 864 Latratu
183 819 282 865 turbabis
291 829 373 873 qens.
381 820 515 874 montesque
524 829 566 874 per
574 820 632 863 altos

83 888 617 947 ingentemclamorepremesadretiaoervum.
690 936 693 943 ,

112 961 177 1006 Disce
184 963 208 1004 et
215 960 336 1005 odoratam
343 959 436 1004 stabulis
444 959 570 1005 adcendere
576 959 687 1010 cedrum.

83 1031 244 1085 Galbaneoque
251 1029 337 1084 agitare
344 1040 424 1085 graves
432 1028 514 1074 nidore
520 1029 650 1085 chelydros.

83 1105 146 1158 saepe
152 1101 194 1145 sub
201 1100 301 1144 immotis
310 1100 448 1156 praesepibus
455 1105 494 1144 aut
501 1103 561 1145 mala
569 1103 632 1145 tactu

83 1172 167 1227 vipera
176 1170 275 1222 delituit,
287 1171 414 1226 columque
422 1172 527 1216 exterrita
535 1171 604 1227 fugin

83 1246 130 1287 Aut
137 1244 196 1288 tecto
206 1242 310 1287 adsuetus
319 1243 412 1286 coluber
420 1242 542 1287 succedere
549 1244 572 1286 et
585 1243 687 1293 umbre.

85 1313 157 1359 Pestis
164 1312 245 1356 acerba
252 1313 334 1362 boum,
346 1313 469 1368 pecorique
478 1311 614 1368 adspergere
622 1314 700 1363 virus.

86 1384 152 1428 Fovit
162 1383 265 1426 humum.
274 1386 392 1438 capesaxa
404 1394 486 1433 manu,
496 1393 552 1439 cape
559 1383 653 1438 robora,
664 1389 750 1443 pastun

86 1453 256 1507 Tollentemque
269 1453 341 1495 minas
354 1456 378 1495 et
389 1452 454 1496 sibila
462 1452 519 1497 colla
526 1455 656 1499 tumentem

87 1522 163 1577 lleJice
174 1522 278 1576 rjamque
285 1520 337 1574 luga
344 1520 448 1564 timidum
457 1523 525 1578 caput
532 1519 618 1564 abdidit
625 1523 688 1571 alte.

86 1596 162 1646 Quum
171 1591 239 1634 modii
246 1602 316 1635 nexus
324 1592 473 1647 extremaque
481 1591 571 1646 agmina
577 1592 658 1639 caudae

87 1663 216 1711 Solvuntur.
227 1660 348 1717 tardosque
355 1661 424 1706 trahit
431 1662 493 1707 sinus
501 1662 594 1706 ultimus
603 1664 681 1709 orbes.

115 1735 154 1777 Est
161 1732 229 1777 etiam
236 1731 274 1776 ille
282 1731 353 1775 malus
363 1731 461 1776 calabrie
474 1732 499 1774 in
506 1732 598 1776 entibus
605 1736 687 1789 anguis
695 1764 701 1786 ‚

85 1805 197 1859 squamea
205 1800 344 1845 convolvens
350 1801 438 1845 sublato
447 1803 540 1858 pectore
553 1804 632 1857 terga,

86 1877 159 1928 litque
168 1872 228 1916 uotis
237 1872 328 1926 longam
335 1873 463 1917 maculosus
471 1870 594 1927 grandibus
604 1873 684 1919 alvum
695 1892 701 1919 e

86 1945 140 1996 Qui,
149 1942 204 1987 duni
214 1953 292 1987 arnnes
299 1942 339 1986 ulli
345 1948 482 1999 rumpuntur
492 1942 603 1996 lontibus,
611 1946 636 1989 et
646 1944 703 1989 duni

86 2018 144 2060 vere
153 2013 245 2058 madent
252 2012 298 2058 udo
307 2017 372 2059 terrae
380 2026 406 2058 ac
416 2013 548 2068 pluvialibus
558 2015 660 2066 Austris,

87 2087 169 2141 stagna
179 2085 245 2137 colit;
254 2084 353 2141 ripisque
362 2084 465 2128 habitans
473 2116 479 2134 ,
487 2084 525 2128 bio
537 2084 636 2140 piscibus
643 2088 717 2131 atram

89 2157 208 2213 improbus
217 2155 339 2210 ingluviem
346 2155 450 2210 ranisque
457 2155 589 2212 loquacibus
597 2157 682 2212 explet.

89 2228 212 2283 Postquam
218 2228 295 2271 exusta
303 2227 380 2281 palus,
390 2228 499 2280 terraque
508 2225 590 2270 ardore
599 2225 731 2276 dehiscunt.

90 2297 168 2339 Exsilit
174 2297 199 2338 in
208 2296 306 2345 siccum.
316 2298 340 2339 ot
349 2293 486 2339 flammantia
495 2295 581 2339 lumina
589 2297 700 2352 torquens

91 2367 159 2410 saevit
168 2367 239 2422 agris.
253 2377 362 2422 asperque
369 2366 407 2409 siti
414 2369 482 2421 atque
490 2366 611 2410 exterritus
618 2370 683 2411 aestu.

91 2439 135 2480 Nec
146 2435 201 2479 rnihi
210 2439 258 2479 tum
267 2436 347 2480 molles
354 2436 395 2480 sub
409 2435 463 2481 divo
470 2447 560 2492 carpere
568 2448 671 2480 somnos.

92 2507 139 2549 Neu
151 2505 218 2549 dorso
224 2502 322 2552 neruorl's
330 2507 399 2551 libeat
402 2507 497 2559 jacuisse
506 2519 547 2562 per
553 2505 646 2557 herbas,

90 2580 163 2629 Quium
172 2577 251 2632 positis
260 2589 332 2620 novus
341 2577 437 2627 extruite,
446 2575 575 2632 nitidusque
581 2579 674 2630 juventa
