1666 2964
82 119 127 161 585
353 117 435 158 LIBER
451 119 486 158 iv.
716 126 755 166 255,

84 201 172 248 Adnixi
180 205 288 258 torquent
295 213 398 258 spumas.
407 205 431 248 et
438 204 522 247 caruis
531 209 633 250 verrunt.

113 277 142 318 nt
147 275 197 327 jam
205 272 280 327 prima
289 283 350 318 novo
359 273 481 328 spargebat
489 273 575 320 lumine
585 278 656 320 terras

84 344 180 391 Tithoni
185 355 292 389 croceum
298 343 405 399 linquens
415 348 505 389 Aurora
511 346 596 392 cubile.

87 417 196 472 Reginae
205 414 302 471 speculis
310 417 336 459 ut
344 415 565 471 primumalbmeere
577 418 652 464 iuoem

88 488 163 536 vidit,
173 488 198 531 et
204 487 298 542 equalis
305 487 400 531 classem
408 486 533 542 procedere
541 487 611 539 veiis,

87 558 210 614 Litoraque
216 558 240 599 et
248 566 331 600 ramos
341 556 413 599 sensit
421 556 471 600 sine
481 557 568 608 remige
576 560 668 614 portus:

86 633 177 685 Terque
184 630 309 683 quaterque
318 637 388 670 manu
394 630 473 682 pectus
482 639 587 682 pereussa
596 628 717 681 decorum,

86 701 251 753 Fiaveulesque
256 697 352 741 abscissa
360 707 445 751 eomas,
453 696 532 741 «Proh
539 699 655 755 luppiter!
665 700 706 745 ihil

86 772 142 820 iiie.
153 769 199 820 ait.
209 768 322 813 etnmtris
329 767 426 812 illuserit
433 767 520 812 advena
527 770 619 824 regnis?

87 844 138 886 iton
148 850 212 885 arma
219 838 351 895 expedient.
363 840 455 893 totaque
464 849 491 882 ex
498 837 554 883 urbe
562 846 692 896 sequentur,

90 909 255 968 Deripieutque
265 909 324 952 rates
331 908 367 952 aiii
377 908 513 952 navalibus?
523 910 572 959 lte,

93 982 158 1025 Ferte
163 976 314 1027 eititiammas
322 1009 328 1028 ,
335 976 390 1031 pate
397 977 461 1027 vela.
472 977 580 1034 impellite
590 990 672 1026 remes.
680 1004 707 1016 -

94 1049 247 1106 Quidioquor,
258 1052 298 1093 aut
310 1048 349 1092 uiri
362 1049 428 1093 sumi
439 1051 495 1100 Qus
501 1051 601 1095 mentem
612 1050 700 1097 insania
708 1066 758 1100 mu·

92 1119 603 1177 inleiixilllielnuuetelactaimpiatangunl.
676 1126 758 1178 [taff-

90 1196 149 1238 Tum
156 1191 241 1242 decuit.
248 1202 318 1247 quum
324 1192 413 1246 sceptra
419 1188 559 1252 dabas-ila
566 1191 644 1237 dextra
651 1192 758 1253 fidesque!

89 1267 163 1317 Quem
170 1272 248 1307 seeum
255 1261 339 1316 patrios
347 1259 410 1304 aium
417 1262 509 1315 portare
516 1263 624 1312 Penates.

52 1324 56 1329 '
89 1336 165 1386 Quem
173 1330 266 1379 urbiisse
274 1329 376 1374 humeris
383 1329 515 1374 coniectum
522 1333 587 1376 {etate
593 1335 723 1388 parentem!
731 1361 758 1368 -

90 1407 143 1448 lion
151 1402 220 1461 potui
229 1401 349 1456 abreptum
358 1397 466 1444 divellere
474 1411 574 1456 corpus,
584 1404 608 1445 et
617 1402 685 1446 undis

91 1474 219 1533 Spargere?
233 1484 281 1518 nou
289 1471 370 1526 socios,
378 1482 427 1515 nou
435 1470 509 1528 ipsum
518 1473 637 1519 absumere
646 1474 707 1518 ierro

92 1546 229 1596 Ascanium,
239 1542 365 1601 patriisque
373 1541 513 1599 epulandum
520 1555 606 1599 ponere
613 1546 739 1590 mensis?-

92 1623 179 1664 verum
185 1627 268 1672 arieeps
274 1624 356 1671 pugnae
364 1611 438 1657 luerat
448 1611 547 1657 tortum.
557 1636 584 1645 -
592 1614 679 1659 Fuisset
689 1629 696 1657 ι

92 1691 169 1743 Quem
177 1685 249 1732 metui
257 1683 384 1729 moritura?
394 1687 462 1728 Faces
469 1683 494 1726 iu
503 1686 577 1728 caetra
584 1683 685 1729 tulissem
693 1716 700 1739 ‚

92 1759 271 1816 implessemque
280 1756 343 1800 ioros
350 1753 458 1805 flammis,
468 1758 593 1811 natumque
601 1759 733 1814 patremque

92 1833 153 1874 cum
162 1837 247 1884 genere
254 1826 548 1879 entirnemzmemetsuper
557 1824 605 1879 ipsa
612 1823 758 1872 dedissem.-

93 1901 148 1953 soi,
158 1899 199 1957 qui
205 1901 319 1943 terrarum
325 1893 420 1940 lammis
428 1906 498 1952 opera
507 1895 678 1951 omulalustras,

93 1974 176 2028 Tuque
183 1969 266 2013 harum
274 1967 385 2024 interpres
393 1976 500 2009 curarum
508 1966 532 2009 et
540 1962 632 2025 conseia
639 1970 710 2019 luno,

94 2038 264 2095 Nocturnisque
275 2040 359 2083 Hecate
369 2035 441 2080 triviis
450 2034 536 2079 rriulata
544 2045 586 2090 per
594 2028 674 2088 urbes,

95 2116 125 2157 iit
134 2111 194 2157 Dira
206 2109 309 2158 iluiees.
320 2111 343 2154 et
351 2105 376 2151 dl
382 2105 501 2151 morientis
509 2105 598 2155 Elissae,

96 2183 203 2240 Adeipite
212 2180 272 2231 haec.
283 2179 433 2235 meritumque
440 2177 503 2221 malis
513 2175 623 2221 advertite
633 2188 716 2223 numen
726 2211 732 2231 ,

96 2257 127 2300 nt
134 2258 224 2299 nostras
231 2251 306 2297 audite
315 2260 401 2307 preees.
410 2249 434 2291 si
445 2253 537 2302 tangere
544 2250 623 2304 purius

646 2331 678 2372 iti.
