1666 2964
48 506 101 551 904
315 506 401 547 tinnit
414 506 464 547 xii.
685 508 724 551 ll?

47 592 217 639 'tollentemve
224 603 301 642 maun,
308 603 431 648 sammque
439 592 538 637 immane
550 594 692 642 moventem

49 668 143 709 Genua
151 661 228 705 labant
237 693 242 712 ,
251 661 338 716 gelidus
347 661 465 706 concrevit
471 661 555 717 trigone
561 664 660 718 sanguis.

50 738 119 779 ‘rum
128 732 185 788 lapis
196 733 243 789 ipse
250 732 308 784 viri,
320 743 417 776 vacuum
427 743 469 787 per
478 733 654 786 inanevolutus,

52 807 107 850 Nee
116 803 215 860 spatium
225 803 298 847 evasit
305 805 392 852 toturn,
402 813 445 846 nec
453 804 546 858 pertulit
554 804 633 849 ictum.

53 881 95 921 Ac
101 874 167 918 velut
175 874 200 917 ln
208 873 304 924 somnis,
314 874 393 918 oculos
402 873 440 918 ubi
449 875 557 929 languida
566 877 649 933 pressit

54 949 135 991 Nocte
144 944 220 1000 quies.
231 944 383 1000 nequidquam
393 944 471 988 avidos
482 946 603 990 extendere
610 958 688 992 cursus

54 1017 123 1061 velle
133 1015 245 1064 videmur,
255 1015 309 1059 etin
317 1015 397 1060 mediis
405 1016 525 1059 conatibus
533 1017 586 1072 aegri

55 1088 205 1136 succidimus
213 1105 219 1138 ς
229 1099 276 1132 non
283 1087 359 1141 lingna
367 1089 439 1136 vaiet.
449 1099 498 1132 non
505 1099 601 1145 corpore
607 1092 668 1134 nota

55 1160 183 1208 sufficiunt
191 1162 251 1205 vires
260 1190 265 1210 ‚
276 1171 319 1204 neo
325 1170 371 1203 vox
378 1162 417 1203 aut
425 1162 494 1204 verba
503 1163 641 1214 sequuntur:

55 1233 100 1276 sic
107 1233 199 1278 turno,
209 1238 343 1285 quacunque
352 1230 411 1272 viam
422 1229 508 1272 virtute
516 1228 608 1285 petivit,

55 1307 196 1346 successum
206 1299 248 1343 dea
258 1298 306 1343 dira
319 1302 395 1354 negat.
405 1302 462 1342 Tum
472 1305 563 1354 pectore
572 1311 651 1344 sensus

57 1372 190 1416 vertuntur
197 1369 262 1413 varii.
274 1370 369 1413 Rutulos
377 1369 492 1426 adspectat
501 1400 506 1419 ,
515 1372 538 1413 et
546 1368 636 1419 urbem.

61 1443 235 1496 cunctaturque
244 1442 320 1488 metu,
331 1440 445 1495 telumque
453 1440 538 1484 instare
547 1440 670 1493 tremiscit;

64 1512 128 1562 Nec.
138 1521 184 1566 quo
191 1522 215 1556 se
226 1510 318 1566 eripiat,
329 1521 385 1560 nec.
398 1521 442 1567 qua
450 1513 473 1554 vi
482 1509 562 1554 tendat
567 1511 592 1554 iu
600 1511 701 1561 hostem,

63 1584 199 1629 Noocnrrus
207 1593 301 1638 usquam
310 1582 384 1630 videt.
400 1581 530 1636 aurigamve
540 1592 650 1627 sororem.

91 1652 213 1697 &metanti
222 1652 292 1698 telum
301 1655 381 1697 AEneas
390 1652 457 1697 letale
466 1655 585 1706 coruscat,

62 1722 163 1766 sentitus
168 1720 284 1767 loctunam
293 1723 376 1773 oculis;
385 1725 408 1768 et
416 1734 514 1779 corpore
524 1726 573 1768 tolo

63 1793 161 1837 Eurinus
168 1793 292 1850 intorquet.
306 1794 386 1839 Murali
395 1795 486 1839 concita
495 1805 613 1850 nunquam

63 1866 192 1907 normento
201 1864 233 1908 sic
242 1875 293 1908 saxa
302 1862 415 1912 lremunt.
426 1875 469 1909 nec
479 1862 573 1908 lulmine
583 1864 640 1908 tanti

64 1927 191 1976 Dlssnltant
199 1932 306 1988 crepitus.
318 1931 431 1975 volatatri
441 1931 539 1975 turbinis
549 1931 621 1975 instar

64 2001 165 2047 Bntiurn
175 2001 250 2047 dirum
259 2000 322 2046 hasta
330 2000 404 2046 lenens
412 2034 417 2054 ‚
426 2013 522 2058 orasque
529 2001 627 2047 recludit

65 2072 169 2122 mricae,
181 2077 204 2118 et
213 2073 279 2130 clipei
289 2075 402 2117 extremos
413 2071 566 2128 septemplicis
574 2073 652 2122 orben

65 2145 114 2187 Per
123 2143 223 2188 medium
231 2141 328 2187 stridens
336 2142 418 2187 transit
427 2141 508 2187 lemur.
517 2143 601 2188 incidit
608 2143 667 2188 ictus

65 2217 153 2270 lugens
160 2213 188 2258 ad
199 2217 282 2258 terram
293 2213 408 2270 duplicato
416 2213 503 2270 poplite
512 2216 609 2258 Turnus.

96 2288 243 2340 consurgunt
252 2284 338 2339 gemitu
348 2284 440 2337 Rutuli,
450 2287 556 2340 totusque
564 2286 663 2339 remugit

67 2354 241 2406 undecimum,
253 2358 275 2399 et
286 2364 366 2398 vocem
375 2354 419 2397 iate
426 2364 521 2398 nemora
530 2354 574 2397 alta
584 2355 709 2400 remittunt.

66 2425 112 2468 Ille
121 2424 211 2468 humilis
217 2424 357 2481 supplexque
366 2424 444 2467 oculos
451 2423 598 2479 dextramque
607 2429 737 2480 precantem

67 2494 213 2541 protendens
224 2508 229 2534 ι
242 2511 250 2535 ι
261 2495 372 2550 Equidem
380 2494 464 2543 merui.
475 2505 518 2539 nec
526 2494 644 2550 deprecor,
653 2496 739 2552 iuquit;

69 2570 142 2611 Utere
153 2569 212 2609 sorte
223 2568 268 2610 tua.
278 2564 355 2610 Miseri
364 2569 387 2609 te
396 2566 414 2609 si
424 2577 468 2621 qua
478 2565 577 2622 parentis

69 2641 175 2693 Tangere
185 2647 237 2681 cura
246 2639 332 2692 potest:
342 2646 384 2681 oro
393 2634 477 2689 (luitet
484 2635 523 2680 tibi
530 2634 579 2681 talis
