1666 2964
191 372 194 377 ⁴
213 368 287 410 vimi.
564 376 577 416 7

66 455 146 504 emin
162 468 193 504 ee
207 457 301 518 posuit,
315 459 343 507 ut
351 459 428 508 literis
437 474 487 509 non
497 463 576 510 solum

66 534 172 592 Latinis,
194 534 377 592 euaristum,
403 539 575 603 philosophie,

66 613 127 662 tium
146 614 171 662 et
187 615 365 665 mathematicis
379 629 480 677 operam
497 618 575 668 duret.

68 692 116 741 hiae
127 692 230 754 quidem
242 695 387 757 magistrum
402 696 488 746 hebuit
502 697 576 759 syre

66 785 150 829 reum,
165 772 236 834 qu‘us
249 775 336 835 piacita
348 775 378 824 de
388 789 472 824 rerum
481 778 578 840 origiue

75 852 165 912 Eeloga
181 854 246 901 sextu
261 855 292 903 ad
311 857 419 912 Verum,
429 857 473 917 qui
492 859 577 906 eodem

66 933 125 981 ieret
135 945 202 980 usus.
212 933 295 982 Audiit
306 934 331 982 iu
340 934 434 984 Graeeis
443 939 578 998 praecepto-

66 1011 148 1068 uium,
155 1012 198 1072 qui
207 1012 288 1073 etipse
298 1014 368 1073 poeta
377 1014 425 1063 tuit
434 1015 497 1064 haud
508 1015 578 1077 igno-

66 1172 142 1220 uetus
150 1171 440 1234 supellectilelitererum,
447 1173 477 1221 ed
485 1174 578 1235 poesim

67 1251 112 1300 uiit
124 1251 229 1300 animos.
243 1251 278 1299 Ae
288 1255 341 1313 post
361 1264 471 1314 pugnum
485 1252 579 1316 Philip·

66 1345 117 1380 mm
127 1330 353 1394 trausPedumagri
364 1331 579 1381 veteranistrium-

66 1424 119 1459 issu
134 1409 316 1466 dividerentur,
327 1411 380 1472 ipse
390 1411 469 1460 fundo
486 1425 531 1461 suo
547 1411 579 1460 ab

66 1492 132 1540 rioue
141 1490 264 1553 dejectus,
277 1492 381 1540 Romam
397 1491 473 1540 venit.
484 1492 522 1541 Ibi
533 1505 579 1556 per

66 1571 182 1626 itionem,
193 1584 266 1632 quem
274 1571 358 1633 jamin
367 1569 446 1619 Gellia
456 1570 579 1633 Cisalpina

75 1653 197 1707 coluerat,
213 1649 353 1706 itreeenati,
366 1663 410 1711 per
420 1651 579 1700 Maeeenetem

67 1729 266 1784 commendatus,
279 1729 304 1777 id
319 1729 473 1791 impetravit,
484 1732 511 1779 ut
521 1743 581 1792 eger

66 1808 344 1858 ereturtTumBueuliea
354 1822 453 1857 exorsus
461 1810 507 1863 est,
515 1821 581 1855 anuo
603 1849 607 1855 ,

66 1889 131 1937 simo
150 1901 236 1937 nouo:
255 1901 284 1936 ue
303 1889 428 1936 Mantuam
448 1899 579 1941 reversus,

66 1968 100 2016 riu
109 1967 214 2015 fundum
223 1968 358 2029 repeteret,
369 1968 401 2015 sir
410 1965 582 2025 eoperumub·

66 2046 219 2096 recideretur.
235 2049 339 2096 Romam
354 2047 431 2107 igitur
441 2056 579 2106 regressus,

66 2128 173 2176 iitletam
188 2128 348 2188 quereretur,
364 2138 456 2174 nouem
464 2125 580 2187 Eulegem

68 2221 97 2264 0,
108 2209 175 2270 apud
189 2208 351 2256 Octauianum
369 2205 485 2268 gratioso.
501 2206 579 2254 Bum-

66 2300 85 2337 ,ο
94 2287 209 2342 absolvit,
221 2288 248 2335 in
259 2287 348 2349 quibus
358 2285 480 2334 Caesarem
498 2285 581 2333 laudet

73 2381 117 2430 per
128 2379 188 2429 quus
197 2367 223 2415 in
232 2380 288 2416 sues
298 2366 365 2414 sedes
374 2364 488 2414 redierat.

69 2447 166 2509 paterni
182 2446 247 2494 ruris
268 2457 375 2502 memor,
390 2446 414 2493 et
425 2441 583 2504 agriculturae

66 2526 162 2581 utritus,
184 2524 304 2584 Geor-rica
316 2523 414 2586 scripsit
427 2521 583 2570 inhonorem
