1666 2964
370 535 450 577 cinis.
501 510 512 529 ⁴
707 538 746 581 soa

134 620 246 669 turbem,
260 619 480 681 aniculiosquiittm
487 618 583 665 lomim
591 620 614 664 in
624 622 703 668 armis.

115 693 174 736 erat
180 688 284 734 intestam
292 690 414 747 populator
421 690 509 747 remige
517 688 606 735 uitiosa

99 761 186 819 ospilio
195 760 256 816 quod
263 772 287 806 se
299 759 345 805 llisi
353 761 462 816 Polyidos
472 760 547 810 avito,

76 831 228 887 :at-pathium
236 829 325 886 lugiens
336 834 360 876 sl
370 829 464 875 llumlna
474 834 585 883 cerates,

74 904 176 949 texerat
185 918 191 944 :
200 902 263 946 hune
272 901 331 946 bello
339 907 445 959 repetens
453 901 579 959 Gortynius
585 899 653 946 limos

74 975 154 1020 Attica
164 972 250 1016 cretea
259 971 374 1016 sternebat
382 984 437 1017 rura
449 972 538 1028 sagitta.

75 1043 123 1089 sed
132 1051 207 1097 neque
216 1044 271 1085 tunc
279 1042 355 1094 cives,
365 1052 440 1098 neque
448 1044 504 1086 tunc
515 1052 554 1086 rex
561 1042 609 1099 lpse
616 1045 709 1088 vetetur

74 1113 166 1160 luleslo
174 1111 203 1156 ad
213 1121 289 1155 muros
299 1111 422 1157 volitantes
431 1113 521 1168 agmine
530 1113 616 1157 turmas

75 1187 170 1228 Ducere
177 1213 183 1232 .
191 1184 214 1227 et
221 1181 332 1225 indomita
339 1183 424 1226 virtute
433 1180 557 1227 retundere
564 1188 668 1228 mentesa

77 1257 226 1310 Responsum
235 1251 342 1308 quoniam
348 1252 403 1296 satis
411 1252 445 1296 est
452 1252 582 1298 meminisse
590 1253 694 1299 deorum.

77 1327 138 1369 Nam
145 1323 337 1379 capiteasummo
347 1323 419 1378 regis,
430 1322 534 1367 mirabile
543 1321 622 1375 dictu,
757 1320 761 1325 “

76 1392 182 1438 candida
190 1393 306 1444 cesariem
320 1392 431 1438 florebant
440 1396 542 1450 tempora
548 1393 626 1445 laurea

77 1470 109 1509 itt
118 1476 199 1510 roseus
206 1464 282 1510 medio
290 1465 391 1520 lulgeuat
401 1467 485 1512 verlice
491 1465 574 1511 crinis:

79 1536 151 1589 cujus
161 1546 228 1588 uuam
238 1537 325 1580 servata
335 1535 375 1578 diu
386 1539 467 1581 natura
477 1534 566 1584 luisset.

79 1607 134 1648 Tam
145 1604 241 1660 palliam
250 1605 389 1650 incolumem
397 1605 444 1649 Nisi
454 1618 596 1665 regnumque
605 1606 721 1658 futurum,

77 1674 212 1719 concordes
220 1675 293 1720 stabili
304 1673 425 1721 firmarunt
432 1678 527 1722 numine
534 1682 621 1724 Parce.

77 1748 140 1800 Ergo
149 1745 223 1789 omnis
231 1756 285 1790 caro
295 1746 408 1791 residebat
417 1759 473 1792 eura
483 1747 582 1801 capilloa

78 1825 155 1859 aurea
165 1814 261 1859 solemni
272 1819 374 1860 comtum
383 1828 474 1873 quoque
482 1816 551 1860 libula
561 1816 608 1861 ritu

79 1886 200 1942 llopscpio
210 1886 276 1931 tereti
283 1887 390 1931 nectebat
397 1886 465 1932 dente
474 1886 565 1932 cicadae.

108 1959 157 2002 Nec
167 1968 222 2000 vtro
230 1958 278 2002 haec
286 1957 351 2002 vohis
360 1956 463 2002 custodia
472 1969 530 2002 vana
542 1955 629 2007 luisset,

80 2030 128 2071 Nec
138 2026 212 2072 iuerat
222 2043 228 2071 z
239 2028 282 2071 nisi
291 2027 377 2082 scylla.
389 2038 451 2072 novo
458 2030 568 2084 concepta
581 2025 668 2076 lurore,

80 2097 156 2151 scylla
165 2128 170 2146 ,
180 2097 251 2153 patris
260 2097 336 2140 miseri
344 2097 468 2151 {saltimque
476 2096 569 2140 inventa
578 2095 707 2153 sepulcrum
714 2129 725 2147 ,
790 2142 804 2161 ,

82 2170 101 2210 0
110 2169 205 2212 nimium
215 2167 303 2225 cupidis
311 2166 329 2210 si
338 2178 385 2210 non
397 2166 505 2211 initiasset
514 2166 603 2211 ocellis!

82 2239 126 2283 Seii
134 2239 205 2282 malus
215 2238 254 2282 ille
263 2249 328 2294 puer.
339 2248 408 2292 quem
415 2248 458 2281 nec
467 2249 507 2281 sua
515 2235 605 2282 flectere
613 2240 688 2282 mater

81 2313 167 2353 iratum
176 2308 262 2364 potuit,
273 2318 340 2363 quem
350 2318 392 2351 nec
402 2309 466 2363 pater
475 2312 542 2364 atque
551 2320 605 2353 avus
614 2308 675 2354 idem

83 2378 201 2433 ttippiterz
212 2379 250 2423 ille
259 2381 327 2422 etiam
338 2380 422 2422 Peenos
431 2378 543 2423 domitare
551 2378 642 2429 leones,

83 2452 112 2490 Et
118 2447 202 2490 validas
210 2447 288 2492 docuit
295 2447 354 2492 sires
361 2459 517 2494 mansuescere
526 2448 602 2502 tigrim

83 2517 124 2561 ille
132 2517 198 2559 ctiam
208 2517 284 2567 divos,
294 2517 410 2568 hominem
420 2518 460 2563 sed
469 2518 544 2563 dicere
553 2528 661 2574 magnum
669 2522 717 2571 est;

83 2587 148 2631 ldcm
159 2591 206 2632 tum
216 2591 289 2635 tristes
298 2591 394 2635 acuebat
402 2590 510 2648 parvulus
518 2590 564 2633 luas

84 2659 181 2703 tinitonis
188 2671 275 2715 magnae
284 2661 357 2716 (cuijus
366 2659 465 2719 pennula
473 2659 531 2704 ‹livae
