1666 2964
186 441 213 484 42
439 445 591 486 Bucottcn.

183 527 273 583 Thyrsis
281 539 346 578 oves.
355 527 461 584 corydon
470 529 579 575 distentas
586 531 645 576 tacte
652 532 761 589 concitam

184 597 258 642 Ambo
267 596 374 644 florentes
382 599 493 650 etatibrn,
502 600 601 645 Arcades
609 601 689 653 ambo;

183 671 212 712 Et
219 671 311 714 eantare
319 681 385 726 peres
393 702 399 720 ‚
408 672 431 714 et
436 672 573 727 respondere
582 672 662 728 paren.

184 742 235 784 Huc
242 737 308 794 mihi,
319 738 374 783 dum
382 740 469 786 teneras
477 739 575 785 deiende
584 740 687 797 airigore
694 745 795 798 myrtos.

183 809 224 854 vir
234 809 310 864 gregis
318 808 366 865 ipse
376 820 444 867 ceper
451 809 606 862 deerraverat3
616 815 684 868 atque
693 823 736 868 ego
744 812 800 870 Dani

186 879 303 938 Adspicio.
312 879 398 924 liteubi
407 892 443 925 me
453 882 532 925 contra
538 880 615 926 videt:
626 882 694 926 ocius
704 915 709 932 ‚
720 883 795 940 inquit

182 949 307 999 ituendes.
317 962 331 994 ο
344 950 460 995 netiboee:
470 962 539 1007 caper
548 951 590 995 fibi
599 952 673 996 salvus
684 985 689 1003 ‚
701 958 724 998 et
732 951 792 998 haedi

181 1023 223 1072 Et,
233 1020 251 1064 si
261 1020 315 1076 quid
322 1031 408 1065 cessere
415 1023 491 1078 potes,
504 1023 620 1080 requiesce
629 1023 670 1066 soh
681 1024 761 1068 umbra
771 1041 778 1068 e

181 1093 231 1134 Huc
238 1090 281 1146 ipsi
289 1092 370 1146 potum
377 1092 469 1136 venient
476 1104 517 1148 per
526 1093 590 1149 prata
595 1093 686 1148 juvenci
694 1109 701 1144 ς

180 1162 224 1206 itio
232 1161 313 1206 virides
322 1167 400 1206 tencre
409 1163 510 1219 praetexr't
517 1160 627 1206 arundine
635 1163 694 1218 ripas

181 1230 288 1282 Mincrus,
297 1243 425 1287 equestrem
434 1232 649 1276 resonantexamina
655 1244 750 1287 quercu.

179 1300 239 1355 Quid
246 1299 353 1348 iacerem?
357 1312 430 1358 neque
435 1313 478 1357 ego
485 1300 604 1357 Alcippen,
612 1311 656 1345 nec
662 1301 775 1356 Phyllida,
781 1302 800 1346 in

180 1371 290 1427 Depulsos
300 1383 313 1414 a
324 1371 383 1416 lacte
391 1371 453 1416 domi
463 1383 513 1426 quae
522 1371 636 1415 clauderet
647 1381 732 1425 agnos:
773 1374 800 1426 [b

179 1443 207 1483 nt
215 1445 330 1486 certamen
336 1447 396 1491 erat,
404 1440 510 1497 corydon
519 1452 572 1485 cum
576 1440 691 1494 'thyrside
700 1453 800 1498 megnnn

179 1512 302 1570 Posthahui
308 1515 384 1556 temen
391 1512 483 1556 iliorum
492 1522 543 1554 mea
552 1511 609 1554 seria
616 1510 677 1554 ludo.

179 1582 278 1626 Alternis
286 1581 356 1636 igitur
364 1580 502 1626 contendere
511 1580 612 1624 versibus
621 1582 689 1624 amho

176 1657 269 1711 crepere
278 1653 388 1698 :alternos
397 1655 464 1696 ttusae
473 1651 600 1696 meminisse
606 1650 720 1694 volebant.

178 1727 225 1769 Hos
232 1723 338 1779 corydon
346 1756 352 1774 ,
360 1724 410 1768 illos
416 1722 527 1768 referebat
534 1722 559 1764 in
566 1721 645 1766 ordine
654 1719 755 1775 Thynis.

453 1801 566 1838 centron.

178 1863 289 1920 Nymphae
297 1896 304 1915 ,
311 1865 388 1907 noster
397 1873 469 1911 emor.
477 1860 624 1910 Libethrides.
634 1862 673 1904 aut
679 1859 736 1903 mihi
742 1873 800 1906 carn

176 1934 247 1988 Quale
254 1946 306 1979 meo
315 1933 400 1988 codro.
411 1932 531 1979 concedite
538 1947 545 1983 ς
552 1931 656 1987 proxima
664 1930 744 1974 Phoebi

176 2006 280 2050 Versibus
290 2007 328 2050 ilie
335 2004 402 2050 iacit:
412 2007 452 2048 ent
462 2037 467 2054 .
477 2003 495 2048 ei
503 2014 550 2046 non
557 2012 676 2059 poeenmns
684 2013 777 2052 omncs,

176 2075 218 2121 ttic
227 2079 308 2132 arguta
315 2088 378 2122 sacra
388 2073 496 2133 pendebit
501 2071 574 2116 fistula
584 2073 648 2128 pinu.

457 2154 558 2190 rntnsts.

174 2219 277 2261 Pastores
285 2249 290 2266 ,
298 2216 381 2263 hedera
390 2219 529 2262 crescentem
538 2217 618 2258 ornate
627 2214 732 2270 poetam,

175 2286 284 2338 Arcades,
294 2287 381 2333 invidia
389 2290 528 2345 rumpantur
535 2288 562 2329 nt
570 2284 609 2329 iiia
615 2283 705 2329 Codro:

175 2359 229 2413 Aut,
240 2356 322 2403 siuttra
332 2357 440 2412 placitum
450 2356 560 2406 laudarit,
571 2356 664 2400 baccare
672 2354 776 2398 frontem

173 2429 273 2484 tingite,
282 2439 311 2471 nc
318 2427 365 2470 vati
373 2428 454 2471 noceat
464 2427 523 2470 mala
530 2426 607 2480 tingue
614 2424 699 2469 futuro.

448 2505 562 2542 conmon.

172 2569 247 2614 setosi
259 2570 326 2625 ceput
340 2567 383 2613 hoc
392 2569 439 2622 apri
447 2567 498 2616 tibi,
509 2566 571 2611 Delie
579 2601 583 2614 ,
591 2579 674 2623 parvm
