1666 2964
205 223 233 261 m
425 202 435 231 “
453 220 624 261 eucnemon

205 309 235 348 Ut
243 308 315 350 varias
324 317 377 349 usus
384 304 515 349 meditando
526 305 658 350 extunderet
665 310 724 350 artes

206 377 328 427 Paulatim.
339 379 363 422 et
371 377 438 421 sulcis
446 376 552 421 frumenti
562 380 674 432 quaereret
681 377 776 421 herbam
788 395 794 429 ;

205 451 236 491 Ut
244 448 312 492 silicis
320 447 384 492 venis
392 447 516 491 abstersum
526 447 646 492 excuderet
653 448 738 504 ignem.

206 521 270 562 lunc
276 520 340 563 alnos
346 518 445 575 primum
455 516 517 561 lluvii
525 529 615 562 sensere
622 520 710 562 cavatas
719 535 724 561 ι

206 589 285 632 Navita
293 593 342 633 tum
351 589 419 632 stellis
427 597 533 630 numeros
541 589 565 631 et
572 588 664 631 nomina
673 586 737 638 lecit.

207 659 321 710 Pleiadas,
330 659 433 715 Hyadas,
444 660 572 714 claramque
582 659 691 713 Lycaonis
701 662 801 704 Arcton.

206 734 262 774 'lum
271 731 356 787 laqueis
364 732 454 784 captare
461 726 531 778 leras,
543 732 566 773 et
576 729 652 773 tallere
659 729 737 780 risco,

206 801 338 850 Inventum,
349 802 373 844 et
380 810 474 854 magnos
483 799 576 844 canibus
584 799 725 844 circumdare
732 801 812 845 saluas.

207 872 281 925 Atque
289 870 344 915 alius
352 871 424 913 latum
433 868 503 913 lunda
512 870 559 922 mm
567 869 672 913 verberat
681 882 784 921 atquem,

208 942 260 985 Alta
266 943 359 997 petens3
369 941 493 997 pelagoque
502 940 558 983 alius
567 939 636 983 trahit
642 939 736 985 humida
743 942 799 988 lina.

207 1015 265 1056 Tum
274 1009 328 1057 lerri
334 1012 404 1066 rigor,
413 1014 480 1066 atque
489 1013 574 1065 argute
584 1012 668 1055 lamina
677 1023 757 1062 serre.

207 1086 263 1128 Nam
270 1082 337 1141 primi
346 1083 424 1128 cuneis
430 1081 564 1127 scindebant
572 1082 640 1128 lissile
651 1083 752 1138 lignum3

207 1158 263 1199 Tum
269 1154 336 1198 van'ae
343 1164 426 1198 venere
431 1155 490 1197 artes
498 1169 504 1195 ι
514 1152 578 1197 laber
587 1152 663 1196 omnia
670 1153 727 1198 vicit

208 1223 339 1281 improbus,
349 1226 372 1266 et
379 1223 442 1266 duris
449 1234 532 1277 iugens
542 1222 566 1265 iu
575 1224 642 1266 rebus
651 1225 745 1277 egestas.

154 1328 164 1339 .
234 1291 453 1337 Primacereslerro
461 1294 661 1339 mortalesvertcre
670 1294 754 1337 terram

208 1365 323 1409 Instituit:
333 1376 403 1421 quum
412 1366 461 1418 jaan
470 1363 564 1420 glandes
573 1368 639 1419 atque
649 1365 729 1409 arbuta
738 1377 810 1411 sacra·

208 1435 335 1481 Deficerent
342 1435 403 1480 silvas
411 1467 416 1485 ,
423 1440 447 1480 et
453 1437 539 1482 victum
547 1433 643 1478 Dodona
651 1439 753 1490 negaret.

208 1510 258 1550 Mox
267 1509 291 1550 ct
298 1505 415 1550 frumentis
421 1507 485 1551 labor
494 1503 583 1550 additus
594 1519 600 1546 ι
611 1507 637 1546 ut
644 1504 703 1549 mala
712 1507 801 1551 culmos

208 1577 370 1631 Essetmbigo,
380 1577 497 1634 segnisque
505 1577 607 1621 horreret
615 1575 640 1618 in
653 1576 711 1620 arvis

208 1649 321 1695 carduus:
333 1651 448 1694 intereunt
456 1652 553 1704 segetem
561 1649 621 1692 subit
627 1660 707 1704 aspera
715 1649 784 1698 silva.

208 1723 332 1779 Lappaeque
338 1721 459 1776 tribulique
467 1736 473 1771 ς
483 1720 585 1774 interque
594 1719 690 1763 nitentia
698 1719 761 1765 culta

208 1791 287 1836 lnlelix
294 1792 372 1836 lolium
385 1793 408 1836 et
415 1791 501 1835 steriles
510 1789 655 1833 dominantur
664 1800 749 1834 avenae.

207 1862 274 1916 Quod
281 1863 323 1907 nisi
330 1865 352 1906 et
359 1861 457 1906 adsiduis
463 1859 691 1906 terraminsectabere
698 1861 790 1910 rastris,

208 1933 237 1974 et
245 1932 320 1975 sonitu
329 1931 422 1976 terrebis
431 1941 495 1980 aves,
504 1932 528 1974 et
535 1927 593 1973 ruris
599 1929 664 1984 opaci

207 2003 273 2047 Falce
284 2014 372 2060 premes
379 2001 480 2049 umbras.
489 2000 592 2055 votisque
598 2000 715 2044 vocaveris
722 2000 820 2046 imbrem

208 2074 270 2115 Heu!
280 2083 388 2127 magnum
395 2072 487 2116 alterius
497 2069 577 2115 lnrstra
585 2071 694 2126 spectabis
704 2083 825 2122 acervum,

208 2146 363 2197 concussaque
370 2140 452 2187 tamem
458 2143 481 2184 in
491 2142 553 2186 silvis
560 2142 659 2187 solabere
667 2153 760 2196 quercu.

234 2212 360 2258 Dicendum
367 2216 390 2259 et
404 2224 453 2270 que
462 2213 508 2256 sint
520 2213 581 2257 duris
590 2213 714 2268 agrestibus
720 2223 803 2267 arma,

207 2284 261 2338 Quis
270 2284 318 2330 sine
328 2295 370 2329 nec
377 2287 471 2340 potuere
478 2284 534 2333 seri,
543 2296 587 2329 nec
595 2294 687 2339 surgere
693 2294 790 2329 messes:

206 2356 293 2405 vomis.
304 2359 329 2401 et
336 2354 413 2400 inllexi
420 2355 520 2412 primum
527 2366 595 2409 grave
602 2355 671 2399 robur
678 2355 756 2401 aratri.
