1666 2964
78 516 90 553 o
317 512 401 554 emm
416 512 456 565 m.
672 512 712 556 azo

76 602 93 640 »t
103 598 182 655 popuii
190 597 272 643 misere
281 597 363 647 duces.
374 609 417 643 nec
426 596 490 642 tarda
501 601 609 654 sequetur

70 670 128 714 toria
141 669 240 714 deiectos
248 669 313 714 tatio
322 672 346 714 et
354 668 506 714 Laurentibus
514 669 584 724 agris.

68 743 90 783 st
99 742 123 782 et
131 739 264 783 Volscorum
274 739 364 795 egregia
371 739 400 783 de
409 737 588 794 gentecamiiia,

68 821 138 864 gmon
148 820 217 864 agens
225 809 339 866 equitum.
351 812 375 852 et
383 807 489 855 florentes
499 819 544 854 aare
553 813 662 857 catenas.

65 880 117 924 mod
125 881 143 924 si
153 892 190 925 me
198 880 272 925 solum
282 882 363 937 Teucri
374 883 397 924 in
406 879 531 925 certamina
539 881 648 937 poscunt,

66 953 122 1009 ique
132 953 217 1007 piacet.
225 955 359 1008 seniumque
366 951 434 996 bonis
441 949 600 995 communibus
608 948 689 994 obsto:

71 1036 102 1069 on
109 1023 167 1068 adeo
175 1021 215 1067 has
223 1035 292 1068 exosa
300 1035 380 1067 manus
388 1021 560 1076 victoriaiogit,

66 1100 79 1139 t
86 1099 149 1140 tanta
159 1095 282 1151 quidquam
291 1105 380 1152 prospe
387 1097 476 1138 tentare
485 1102 595 1136 iecissem.

66 1177 89 1210 so
97 1167 177 1210 animis
185 1169 277 1215 coatrae
286 1167 322 1210 vei
332 1175 439 1218 magnum
450 1165 540 1220 praestet
550 1161 674 1211 Acisdicm.

67 1241 162 1294 actaque
172 1237 265 1282 vulcani
272 1236 376 1281 manibus
386 1236 449 1292 paria
459 1234 539 1278 induat
547 1244 610 1278 arma

68 1311 88 1353 ie
98 1309 158 1354 iicet.
169 1308 235 1353 vobis
245 1309 343 1352 animam
354 1305 414 1351 hanc
421 1315 545 1361 soceroque
555 1305 646 1354 catino.

68 1389 137 1422 umus
146 1389 189 1433 ego
197 1411 202 1428 ,
210 1377 271 1421 haud
280 1377 320 1421 ulii
329 1382 434 1421 veterum
443 1376 528 1421 virtute
536 1374 661 1421 secundus.

66 1450 142 1494 evod.
152 1448 230 1492 Solum
241 1452 321 1494 deneas
328 1451 402 1493 vocat.
413 1448 453 1497 et.
463 1448 542 1497 vocet,
550 1456 600 1490 oro.

66 1522 94 1564 'ec
102 1523 199 1564 Drances
206 1519 290 1576 potius.
301 1518 390 1564 siveest
398 1519 448 1563 haec
458 1519 490 1562 ira
498 1516 608 1565 deorum.

66 1593 122 1634 [orte
129 1591 188 1641 luat;
198 1591 245 1634 sive
254 1593 288 1635 est
296 1591 369 1634 virtus
379 1591 402 1634 et
411 1588 498 1645 gioria,
508 1587 600 1645 toiiats

76 1660 109 1702 iiii
117 1659 166 1704 isac
176 1660 235 1704 inter
243 1672 266 1704 se
273 1660 347 1704 dubiis
354 1659 383 1705 de
394 1660 460 1705 rebus
470 1660 569 1714 agebant

65 1732 165 1775 ertantes
175 1743 181 1769 z
191 1733 264 1775 castra
275 1734 356 1775 AEneas
366 1732 483 1787 aciemque
494 1729 608 1775 movebat.

67 1801 148 1844 uncins
159 1802 243 1856 ingenti
254 1813 294 1858 per
302 1801 364 1857 regia
374 1801 541 1847 testatumuito

66 1884 106 1917 cce
116 1873 174 1925 ruit,
184 1875 316 1930 magnisque
324 1873 403 1918 urbem
410 1873 534 1918 terroribus
542 1871 623 1928 implet
633 1886 640 1913 s

66 1947 173 1989 structos
183 1944 232 1989 acie
240 1943 347 1988 Tiberino
359 1954 372 1987 a
381 1941 475 1986 domine
481 1946 580 1987 Teucros

66 2013 231 2069 ysrhenamque
240 2024 334 2056 manum
346 2013 399 2057 totis
409 2012 548 2057 descendere
557 2010 652 2068 campis.

66 2084 166 2142 xtemplo
175 2084 259 2128 turbati
269 2083 351 2133 animi.
362 2093 516 2138 concussaque
524 2081 585 2136 vulgi

67 2157 157 2202 ectora.
169 2157 192 2198 et
199 2153 295 2198 adrectae
304 2153 400 2196 stimulis
408 2151 470 2196 haud
477 2150 582 2196 mollibus
590 2151 639 2195 irae.

67 2237 117 2272 rma
129 2235 197 2268 manu
208 2224 290 2281 trepidi
301 2225 411 2280 poscunt3
424 2222 502 2267 tremit
510 2223 699 2276 armaluvcntuse

66 2296 113 2338 ient
124 2296 194 2339 maesti
203 2298 349 2349 mussantque
356 2296 440 2350 patres.
450 2293 511 2336 ilinc
520 2291 621 2348 undique
628 2291 715 2336 clamor

67 2366 154 2408 issensu
163 2366 225 2409 vario
233 2375 326 2417 magnus
335 2375 359 2408 se
367 2363 426 2407 tollit
433 2362 457 2407 in
465 2375 530 2408 auras
539 2375 546 2402 s

68 2435 196 2485 audsecus.
207 2439 274 2491 atque
282 2436 327 2479 aito
335 2434 358 2478 in
365 2435 418 2479 iuco
428 2445 499 2491 quum
510 2432 569 2480 ioris
576 2437 672 2480 caiuma

67 2504 174 2551 onsedere
181 2505 257 2549 avium
266 2537 272 2556 ,
281 2506 400 2563 piscosove
409 2515 476 2550 amne
486 2503 580 2548 eadm

68 2579 108 2620 ant
116 2576 217 2620 sonitum
226 2576 289 2621 rauci
299 2587 340 2633 per
349 2578 429 2630 stagna
437 2574 543 2631 loquacia
549 2573 626 2629 cycni.

68 2651 153 2702 temno,
162 2648 206 2702 aii,
217 2648 311 2698 ocives.
322 2646 417 2705 adrepto
425 2650 541 2702 tempore.
552 2647 657 2694 tumus,
