1666 2964
210 254 248 296 too
449 250 616 294 GEORGICON

207 337 303 382 servizio
311 335 435 386 adsummi,
445 334 498 391 ipsis
504 344 517 378 e
524 333 640 389 torquibus
646 335 710 389 aptos

207 409 281 463 iunge
289 417 366 464 pares,
377 409 401 450 et
409 416 465 460 coge
472 403 568 459 gradum
577 401 814 457 conterreiuveneosz

208 481 281 534 Atque
290 477 333 522 illis
339 479 387 531 jam
394 487 453 531 sape
460 477 516 520 rotae
523 473 635 520 ducantur
642 473 724 519 inanes

207 548 252 590 Per
257 547 351 596 terrain,
359 547 383 590 et
388 555 477 588 summo
482 544 577 599 vestigia
584 543 678 601 pulvere
685 543 791 599 signem

205 619 260 661 Post
265 616 340 661 valido
349 616 425 660 nitens
431 615 472 659 sub
480 614 582 672 pondere
588 613 675 670 taginus
684 615 733 660 axis

206 688 331 743 instrepat,
342 687 462 740 etjunetos
472 687 532 730 temo
541 684 615 730 trahat
623 685 777 732 aereusorbes.

206 759 296 802 Interea
303 757 358 814 pubi
367 755 483 802 indomitae
491 768 538 802 nen
546 757 648 812 grmnine
654 760 755 809 mnium,

204 828 252 872 Nee
262 839 339 872 vescas
347 828 440 873 salicum
451 826 556 879 frondes,
567 827 688 884 ulvamque
697 827 821 884 palustrem

204 895 248 940 sed
255 894 368 941 frumenta
374 907 443 941 manu
452 907 530 952 carpes
539 899 599 940 satas
609 907 653 942 nee
659 895 700 940 u‘bi
707 896 774 949 tete,

205 969 267 1010 litore
274 969 379 1022 patrum,
389 967 456 1012 nivea
465 967 592 1023 implebunt
600 966 727 1013 mulctralia
734 980 812 1015 vauca
819 956 829 1022 3⁴

203 1036 246 1082 sed
255 1039 302 1081 tota
310 1039 334 1081 in
343 1038 420 1083 dulces
429 1040 564 1084 consument
570 1038 641 1084 ubera
650 1040 724 1084 natos.

230 1108 268 1151 Sin
275 1107 304 1152 ad
312 1109 371 1154 bella
379 1109 451 1164 magis
460 1109 561 1153 studium
572 1112 702 1165 turmasque
710 1109 810 1163 feroces,

203 1181 250 1223 Ant
256 1178 350 1236 atpbaea
359 1180 416 1224 rotis
423 1180 516 1236 praelabi
523 1179 616 1224 flumina
625 1168 697 1231 Pisa,

202 1251 231 1293 et
240 1249 303 1294 Jovis
312 1251 397 1294 inlueo
407 1261 487 1296 currus
501 1250 585 1307 agitare
592 1249 707 1303 velamen

202 1319 292 1363 Primus
300 1320 478 1375 equitaborest,
491 1322 579 1365 animos
588 1323 656 1377 atque
663 1330 726 1365 arma
735 1320 815 1368 videre

202 1390 341 1440 bellantum,
352 1391 464 1446 lituosque
473 1392 534 1447 pati,
545 1393 663 1446 tractuque
670 1394 801 1446 gementem

203 1464 272 1508 Ferre
281 1463 369 1512 rotam,
379 1467 403 1507 et
411 1460 500 1506 stabulo
507 1461 582 1507 trenes
588 1461 666 1506 andire
674 1466 797 1517 sonantem

203 1535 261 1575 Turn
269 1530 342 1587 magis
351 1537 417 1588 atque
425 1531 497 1587 magis
506 1531 593 1576 blandis
601 1531 699 1588 gaudere
708 1533 811 1589 magistri

202 1600 330 1653 Laudibus.
340 1604 364 1648 et
374 1603 456 1658 plausae
465 1605 566 1648 sonitum
577 1603 671 1648 cervicis
678 1613 763 1650 amare.

202 1676 277 1730 Atque
284 1673 334 1720 hae
340 1675 388 1728 jam
397 1675 470 1730 primo
479 1674 586 1730 depulsus
594 1674 622 1718 ab
632 1674 702 1719 ubere
710 1676 792 1725 matris

201 1745 289 1790 Audeat
298 1777 303 1797 ,
311 1746 380 1801 inque
390 1745 463 1790 vicem
470 1743 510 1790 det
517 1745 623 1789 mollibus
633 1755 674 1788 ora
683 1745 791 1803 capistris

202 1815 317 1860 invalidus
325 1847 330 1868 ,
338 1818 451 1871 etiamque
457 1819 557 1862 tremens
565 1846 572 1870 ‚
581 1816 650 1862 etiam
656 1815 741 1860 inscius
751 1817 805 1861 aevi.

203 1891 247 1938 nt,
260 1888 330 1932 tribus
339 1888 438 1938 exactis,
447 1887 485 1931 ubi
495 1892 575 1944 quarta
583 1886 704 1932 adcesserit
711 1888 791 1939 metas,

202 1962 299 2016 carpere
307 1971 361 2005 mox
370 1970 453 2015 gynrm
460 1958 565 2014 incipiat,
576 1956 729 2013 gradibusque
736 1968 822 2004 sonare

201 2030 335 2086 Compositis
342 2060 348 2080 ‚
356 2031 475 2085 sinuetque
482 2030 568 2074 alterna
576 2028 693 2073 volmnina
701 2039 810 2080 ernrunn

204 2097 281 2154 sitque
291 2098 403 2144 laboranti
410 2099 503 2150 similis:
514 2103 564 2143 torn
570 2097 671 2144 cursibus
678 2109 756 2153 auras,

201 2171 260 2212 tum
267 2175 347 2221 vocet,
357 2180 385 2214 ae
393 2181 435 2226 per
442 2173 519 2224 aperta
526 2169 617 2221 volans,
627 2180 671 2214 eeu
680 2168 740 2214 liber
747 2169 832 2217 babent

201 2245 311 2296 inquom,
320 2243 357 2286 rix
366 2253 454 2286 summa
463 2243 557 2297 vestigia
564 2246 633 2299 ponat
639 2253 719 2288 arena:

200 2312 277 2364 Qualis
290 2313 443 2370 Hyperboreis
449 2314 531 2370 Aquilo
541 2324 611 2369 quum
621 2313 705 2358 densus
711 2315 740 2358 ab
749 2315 798 2360 oris

201 2382 321 2434 incubuit.
331 2383 472 2443 Scytbiaeqne
482 2384 569 2431 hiemes
577 2388 644 2441 atque
650 2384 713 2431 arida
721 2383 801 2432 uittas
