1666 2964
219 214 257 254 lii
461 212 625 254 (molifflcou'

218 301 336 350 volveret.
345 299 474 354 Eurydicen
481 309 525 344 vox
533 300 582 356 ipsa
589 302 612 343 et
621 297 704 355 lriglda
711 300 804 355 lingua,

217 370 265 413 Ali!
275 370 382 415 miseram
391 369 532 424 Eurydicen!
543 368 618 412 anima
627 366 729 423 llrgienle
736 369 823 415 vocabu

216 439 344 495 Eurydicen
352 440 402 483 toto
410 437 539 483 referebant
549 436 643 482 flumine
650 438 714 495 rlpae.
724 452 735 478 r

242 512 297 555 nec
305 510 414 553 Prolem:
423 509 545 562 etoey'aciu
554 505 617 551 dedii
627 518 705 563 aequor
714 507 740 550 in
746 508 832 559 altumr

215 578 542 635 Quaquededit,spumantem
549 576 635 622 undam
642 578 808 624 subvenient
830 614 832 617 .

242 652 273 692 At
283 658 331 691 non
336 650 435 701 cyrener
446 657 544 702 namque
552 646 612 690 ultro
620 645 694 690 adlata
702 647 822 693 timentem

216 734 226 760 ι
237 720 294 764 Nate
303 750 308 768 .
316 718 371 762 licei
379 717 453 761 tristes
463 717 539 760 animo
549 716 663 773 deponere
672 728 747 762 curas.

216 794 270 834 Hace
279 788 352 832 omnis
359 788 432 832 morbi
441 798 509 832 eausa
517 801 523 834 ε
532 787 586 832 hinc
595 787 721 833 miserabile
728 791 799 845 Nym·
810 809 813 828 i
825 821 833 829 ,,

215 864 272 903 cum
283 859 363 914 qulbus
371 859 409 903 illa
417 859 500 904 chores
507 860 565 904 lucis
574 858 670 914 agitabat
677 859 702 902 in
709 859 775 911 aitis.

213 928 311 972 Exitium
323 929 404 973 misere
414 928 501 984 apibus.
509 932 542 972 lu
550 940 645 973 munera
652 929 747 986 supplex

213 996 300 1047 lende,
308 1000 386 1054 peleus
393 1008 486 1054 pacem,
495 1000 519 1041 et
528 996 603 1042 faciles
612 1009 721 1043 venerare
731 1000 827 1056 Napaeas

213 1071 313 1123 Namque
320 1069 407 1113 dabunt
417 1068 585 1117 veniamvotis,
593 1068 681 1123 irasque
688 1069 816 1115 remillenl.

214 1138 269 1193 Sed,
278 1139 359 1184 medua
367 1137 448 1183 orandi
454 1138 494 1193 qul
503 1138 531 1183 all
539 1169 545 1193 ‚
553 1139 617 1195 prius
626 1138 707 1183 ordine
715 1138 801 1184 dicam.

213 1212 316 1262 Quatuor
326 1210 418 1254 eximios
426 1210 542 1266 prestanti
551 1220 645 1265 corymre
653 1210 732 1254 tauros
741 1243 747 1260 ‚

213 1280 257 1333 Qui
264 1279 304 1323 tibi
312 1291 374 1324 nunc
383 1279 460 1325 viridis
469 1278 592 1335 depascunt
600 1290 689 1323 summa
698 1279 786 1335 Lyeaei,

214 1350 305 1406 Delige.
315 1354 338 1395 et
348 1351 431 1394 lnlacta
441 1349 534 1394 totidem
542 1349 751 1405 cervieejuveneaa.

213 1425 316 1476 Quatuor
322 1421 357 1466 hio
366 1433 415 1466 arao
425 1420 469 1465 alta
478 1420 508 1465 ad
516 1421 609 1465 delubra
617 1421 711 1465 dearum

213 1492 330 1538 constitue
339 1525 345 1543 ,
353 1495 376 1537 el
384 1503 474 1536 caenam
480 1492 565 1546 iugulis
574 1491 667 1536 demitte
677 1503 800 1542 eruorem.

212 1567 356 1621 corporaque
364 1562 413 1619 ipsa
421 1562 490 1607 boum
498 1560 608 1607 lrondoso
617 1563 693 1607 desere
701 1563 762 1608 luco.

213 1638 282 1685 Posi.
292 1634 331 1678 ubi
340 1645 402 1678 nona
409 1645 462 1678 euos
472 1637 559 1678 Aurora
567 1633 689 1679 ostenden'l
697 1637 774 1684 ortuo.

212 1706 305 1751 inferias
313 1704 399 1761 orphei
408 1704 496 1749 delhna
503 1716 614 1760 papavera
621 1705 709 1753 nultee.

212 1776 327 1822 Placaiam
336 1775 464 1830 Eurydicen
471 1774 543 1819 vitula
551 1775 688 1820 venerabere
697 1786 754 1820 caesa
763 1808 769 1825 .

212 1851 240 1891 Et
248 1849 336 1903 nigram
345 1846 452 1892 mactabis
459 1857 525 1891 ovem
533 1878 538 1896 .
546 1846 667 1902 lucumque
672 1846 766 1892 revises.
775 1862 785 1886 ι

239 1918 305 1962 liaud
312 1928 387 1962 morer
397 1917 507 1962 continuo
514 1916 592 1960 matris
599 1914 807 1974 praeceptalaceosil
818 1935 824 1961 ε

212 1987 248 2032 ad
261 1987 354 2033 delubra
363 1989 583 2039 venit3monstrataa
591 1987 671 2032 excitat
680 1999 741 2036 araur

212 2060 314 2111 Qualuor
320 2059 412 2103 eximios
421 2058 537 2115 praestanti
546 2068 643 2114 corpore
651 2060 728 2102 tauros

212 2129 281 2174 Ducit
289 2161 294 2177 .
303 2132 326 2174 et
334 2130 418 2174 intacta
427 2128 522 2174 totidem
530 2130 739 2183 eervieejuvencas.

213 2202 279 2249 Post,
290 2200 329 2243 ubl
336 2210 397 2244 nona
405 2210 457 2244 auos
465 2204 553 2245 Aurora
559 2198 677 2244 induxerat
685 2203 760 2250 onus.

212 2269 304 2315 inleriao
313 2273 400 2329 orphei
408 2270 477 2314 mittit
485 2304 490 2320 ,
499 2271 620 2327 lucumque
628 2270 713 2315 revisit.

240 2341 281 2385 iiic
288 2342 446 2387 reronrbiium
455 2352 482 2386 ae
488 2340 549 2385 dictu
557 2340 658 2384 mirabile
665 2342 793 2384 monstrum
