<?xml version="1.0" encoding="UTF-8"?>
<!DOCTYPE html PUBLIC "-//W3C//DTD XHTML 1.0 Transitional//EN"
    "http://www.w3.org/TR/xhtml1/DTD/xhtml1-transitional.dtd">
<html xmlns="http://www.w3.org/1999/xhtml" xml:lang="en" lang="en">
 <head>
  <title>
</title>
<meta http-equiv="Content-Type" content="text/html;charset=utf-8" />
  <meta name='ocr-system' content='tesseract 3.04.00' />
  <meta name='ocr-capabilities' content='ocr_page ocr_carea ocr_par ocr_line ocrx_word'/>
</head>
<body>
  <div class='ocr_page' id='page_1' title='image "./publiivirgiliim00rivigoog/publiivirgiliim00rivigoog_0147.png"; bbox 0 0 1666 2964; ppageno 0'>
   <div class='ocr_carea' id='block_1_1' title="bbox 190 196 825 237">
    <p class='ocr_par' dir='ltr' id='par_1_1' title="bbox 190 196 825 237">
     <span class='ocr_line' id='line_1_1' title="bbox 190 196 825 237; baseline 0 -1"><span class='ocrx_word' id='word_1_1' title='bbox 190 197 228 237; x_wconf 66' lang='lat' dir='ltr'>tt}</span> <span class='ocrx_word' id='word_1_2' title='bbox 457 196 587 237; x_wconf 72' lang='lat' dir='ltr'>AENEIDOS</span> <span class='ocrx_word' id='word_1_3' title='bbox 819 199 825 236; x_wconf 86' lang='grc' dir='ltr'>Ι</span> 
     </span>
    </p>
   </div>
   <div class='ocr_carea' id='block_1_2' title="bbox 171 283 833 2387">
    <p class='ocr_par' dir='ltr' id='par_1_2' title="bbox 171 283 833 2387">
     <span class='ocr_line' id='line_1_2' title="bbox 187 283 763 338; baseline 0.002 -13"><span class='ocrx_word' id='word_1_4' title='bbox 187 288 269 326; x_wconf 72' lang='lat' dir='ltr'>Navem</span> <span class='ocrx_word' id='word_1_5' title='bbox 279 283 302 324; x_wconf 88' lang='lat' dir='ltr'>in</span> <span class='ocrx_word' id='word_1_6' title='bbox 311 285 432 338; x_wconf 81' lang='lat' dir='ltr'>conspeetu</span> <span class='ocrx_word' id='word_1_7' title='bbox 444 283 541 333; x_wconf 76' lang='lat' dir='ltr'>rrnllam3</span> <span class='ocrx_word' id='word_1_8' title='bbox 552 287 597 326; x_wconf 83' lang='lat' dir='ltr'>tres</span> <span class='ocrx_word' id='word_1_9' title='bbox 605 283 672 326; x_wconf 85' lang='lat' dir='ltr'>litore</span> <span class='ocrx_word' id='word_1_10' title='bbox 681 294 763 328; x_wconf 82' lang='lat' dir='ltr'>eerves</span> 
     </span>
     <span class='ocr_line' id='line_1_3' title="bbox 187 351 770 409; baseline 0 -13"><span class='ocrx_word' id='word_1_11' title='bbox 187 353 302 409; x_wconf 75' lang='lat' dir='ltr'>Prospicit</span> <span class='ocrx_word' id='word_1_12' title='bbox 308 356 409 397; x_wconf 81' lang='lat' dir='ltr'>errantes</span> <span class='ocrx_word' id='word_1_13' title='bbox 415 368 422 401; x_wconf 70' lang='grc' dir='ltr'><strong>ς</strong></span> <span class='ocrx_word' id='word_1_14' title='bbox 429 351 471 397; x_wconf 88' lang='lat' dir='ltr'>hos</span> <span class='ocrx_word' id='word_1_15' title='bbox 480 357 528 399; x_wconf 85' lang='lat' dir='ltr'>teta</span> <span class='ocrx_word' id='word_1_16' title='bbox 536 354 638 398; x_wconf 78' lang='lat' dir='ltr'>armenta</span> <span class='ocrx_word' id='word_1_17' title='bbox 643 355 770 409; x_wconf 70' lang='lat' dir='ltr'>sequuntur</span> 
     </span>
     <span class='ocr_line' id='line_1_4' title="bbox 188 423 762 481; baseline -0.002 -14"><span class='ocrx_word' id='word_1_18' title='bbox 188 432 206 467; x_wconf 74' lang='grc' dir='ltr'>Α</span> <span class='ocrx_word' id='word_1_19' title='bbox 216 428 288 478; x_wconf 77' lang='lat' dir='ltr'>terge,</span> <span class='ocrx_word' id='word_1_20' title='bbox 299 427 323 468; x_wconf 89' lang='lat' dir='ltr'>et</span> <span class='ocrx_word' id='word_1_21' title='bbox 333 423 425 479; x_wconf 78' lang='lat' dir='ltr'>tongum</span> <span class='ocrx_word' id='word_1_22' title='bbox 435 436 476 480; x_wconf 89' lang='lat' dir='ltr'>per</span> <span class='ocrx_word' id='word_1_23' title='bbox 485 425 554 469; x_wconf 87' lang='lat' dir='ltr'>valles</span> <span class='ocrx_word' id='word_1_24' title='bbox 562 424 663 481; x_wconf 76' lang='lat' dir='ltr'>paseiurr</span> <span class='ocrx_word' id='word_1_25' title='bbox 670 435 762 479; x_wconf 72' lang='lat' dir='ltr'>agmen.</span> 
     </span>
     <span class='ocr_line' id='line_1_5' title="bbox 185 493 792 551; baseline 0.002 -14"><span class='ocrx_word' id='word_1_26' title='bbox 185 495 291 538; x_wconf 76' lang='lat' dir='ltr'>‹Jonstittt</span> <span class='ocrx_word' id='word_1_27' title='bbox 299 493 345 546; x_wconf 79' lang='lat' dir='ltr'>hie,</span> <span class='ocrx_word' id='word_1_28' title='bbox 352 505 475 551; x_wconf 80' lang='lat' dir='ltr'>arcumque</span> <span class='ocrx_word' id='word_1_29' title='bbox 483 506 551 539; x_wconf 84' lang='lat' dir='ltr'>mauu</span> <span class='ocrx_word' id='word_1_30' title='bbox 560 495 691 548; x_wconf 73' lang='lat' dir='ltr'><strong>celeresque</strong></span> <span class='ocrx_word' id='word_1_31' title='bbox 698 495 792 550; x_wconf 81' lang='lat' dir='ltr'>sagittas</span> 
     </span>
     <span class='ocr_line' id='line_1_6' title="bbox 186 564 712 622; baseline 0.004 -15"><span class='ocrx_word' id='word_1_32' title='bbox 186 565 310 622; x_wconf 75' lang='lat' dir='ltr'>corripuit,</span> <span class='ocrx_word' id='word_1_33' title='bbox 322 564 380 609; x_wconf 81' lang='lat' dir='ltr'>fidus</span> <span class='ocrx_word' id='word_1_34' title='bbox 389 576 439 621; x_wconf 74' lang='lat' dir='ltr'>quae</span> <span class='ocrx_word' id='word_1_35' title='bbox 448 566 493 609; x_wconf 82' lang='lat' dir='ltr'>teta</span> <span class='ocrx_word' id='word_1_36' title='bbox 501 565 595 619; x_wconf 76' lang='lat' dir='ltr'>gerebat</span> <span class='ocrx_word' id='word_1_37' title='bbox 602 564 712 615; x_wconf 68' lang='lat' dir='ltr'>Achatesr</span> 
     </span>
     <span class='ocr_line' id='line_1_7' title="bbox 171 616 769 692; baseline 0 -15"><span class='ocrx_word' id='word_1_38' title='bbox 171 616 177 641; x_wconf 78' lang='lat'><strong><em>⁴</em></strong></span> <span class='ocrx_word' id='word_1_39' title='bbox 187 638 342 691; x_wconf 66' lang='lat' dir='ltr'>”ueteresque</span> <span class='ocrx_word' id='word_1_40' title='bbox 350 637 411 692; x_wconf 63' lang='lat' dir='ltr'>ipsos</span> <span class='ocrx_word' id='word_1_41' title='bbox 419 635 526 691; x_wconf 86' lang='lat' dir='ltr'>primurn,</span> <span class='ocrx_word' id='word_1_42' title='bbox 535 636 609 691; x_wconf 82' lang='lat' dir='ltr'>capita</span> <span class='ocrx_word' id='word_1_43' title='bbox 616 636 661 678; x_wconf 90' lang='lat' dir='ltr'>alta</span> <span class='ocrx_word' id='word_1_44' title='bbox 669 633 769 679; x_wconf 79' lang='lat' dir='ltr'>terentes</span> 
     </span>
     <span class='ocr_line' id='line_1_8' title="bbox 185 706 809 759; baseline 0.002 -10"><span class='ocrx_word' id='word_1_45' title='bbox 185 706 296 750; x_wconf 57' lang='lat' dir='ltr'>(lumime</span> <span class='ocrx_word' id='word_1_46' title='bbox 302 706 411 755; x_wconf 85' lang='lat' dir='ltr'>arboreis,</span> <span class='ocrx_word' id='word_1_47' title='bbox 418 706 510 756; x_wconf 70' lang='lat' dir='ltr'>sternit3</span> <span class='ocrx_word' id='word_1_48' title='bbox 521 708 571 751; x_wconf 85' lang='lat' dir='ltr'>turn</span> <span class='ocrx_word' id='word_1_49' title='bbox 579 706 671 759; x_wconf 82' lang='lat' dir='ltr'>vulgus,</span> <span class='ocrx_word' id='word_1_50' title='bbox 681 708 705 750; x_wconf 84' lang='lat' dir='ltr'>et</span> <span class='ocrx_word' id='word_1_51' title='bbox 713 717 809 750; x_wconf 87' lang='lat' dir='ltr'>omnem</span> 
     </span>
     <span class='ocr_line' id='line_1_9' title="bbox 186 774 776 830; baseline -0.002 -11"><span class='ocrx_word' id='word_1_52' title='bbox 186 776 340 830; x_wconf 74' lang='lat' dir='ltr'>nisoetagens</span> <span class='ocrx_word' id='word_1_53' title='bbox 347 775 397 820; x_wconf 88' lang='lat' dir='ltr'>telis</span> <span class='ocrx_word' id='word_1_54' title='bbox 405 787 498 820; x_wconf 86' lang='lat' dir='ltr'>nemora</span> <span class='ocrx_word' id='word_1_55' title='bbox 505 776 567 819; x_wconf 88' lang='lat' dir='ltr'>inter</span> <span class='ocrx_word' id='word_1_56' title='bbox 574 774 668 820; x_wconf 74' lang='lat' dir='ltr'>frondea</span> <span class='ocrx_word' id='word_1_57' title='bbox 678 777 776 820; x_wconf 86' lang='lat' dir='ltr'>turbam.</span> 
     </span>
     <span class='ocr_line' id='line_1_10' title="bbox 187 847 778 902; baseline 0.005 -14"><span class='ocrx_word' id='word_1_58' title='bbox 187 849 235 890; x_wconf 68' lang='lat' dir='ltr'>{tec</span> <span class='ocrx_word' id='word_1_59' title='bbox 245 847 307 901; x_wconf 81' lang='lat' dir='ltr'>prius</span> <span class='ocrx_word' id='word_1_60' title='bbox 316 847 410 897; x_wconf 83' lang='lat' dir='ltr'>absistit,</span> <span class='ocrx_word' id='word_1_61' title='bbox 420 859 488 902; x_wconf 83' lang='lat' dir='ltr'>quam</span> <span class='ocrx_word' id='word_1_62' title='bbox 497 850 584 902; x_wconf 77' lang='lat' dir='ltr'><strong>septem</strong></span> <span class='ocrx_word' id='word_1_63' title='bbox 593 847 693 899; x_wconf 73' lang='lat' dir='ltr'>ingentia</span> <span class='ocrx_word' id='word_1_64' title='bbox 702 847 778 891; x_wconf 83' lang='lat' dir='ltr'>vtetur</span> 
     </span>
     <span class='ocr_line' id='line_1_11' title="bbox 187 916 827 975; baseline 0.008 -17"><span class='ocrx_word' id='word_1_65' title='bbox 187 922 287 973; x_wconf 66' lang='lat' dir='ltr'>(turpare</span> <span class='ocrx_word' id='word_1_66' title='bbox 296 916 377 961; x_wconf 79' lang='lat' dir='ltr'>tundat</span> <span class='ocrx_word' id='word_1_67' title='bbox 383 916 455 967; x_wconf 87' lang='lat' dir='ltr'>humi,</span> <span class='ocrx_word' id='word_1_68' title='bbox 462 920 485 961; x_wconf 89' lang='lat' dir='ltr'>et</span> <span class='ocrx_word' id='word_1_69' title='bbox 491 929 612 960; x_wconf 87' lang='lat' dir='ltr'>numerum</span> <span class='ocrx_word' id='word_1_70' title='bbox 618 917 827 975; x_wconf 79' lang='lat' dir='ltr'>eumnavtbusarqu</span> 
     </span>
     <span class='ocr_line' id='line_1_12' title="bbox 190 987 771 1045; baseline 0.002 -15"><span class='ocrx_word' id='word_1_71' title='bbox 190 987 248 1031; x_wconf 79' lang='lat' dir='ltr'>rrisc</span> <span class='ocrx_word' id='word_1_72' title='bbox 259 991 349 1044; x_wconf 82' lang='lat' dir='ltr'>parturn</span> <span class='ocrx_word' id='word_1_73' title='bbox 359 989 422 1045; x_wconf 88' lang='lat' dir='ltr'>petit,</span> <span class='ocrx_word' id='word_1_74' title='bbox 433 991 456 1032; x_wconf 98' lang='lat' dir='ltr'>et</span> <span class='ocrx_word' id='word_1_75' title='bbox 463 990 536 1032; x_wconf 84' lang='lat' dir='ltr'>socios</span> <span class='ocrx_word' id='word_1_76' title='bbox 546 988 672 1043; x_wconf 87' lang='lat' dir='ltr'>partiturin</span> <span class='ocrx_word' id='word_1_77' title='bbox 681 998 771 1033; x_wconf 84' lang='lat' dir='ltr'>omnes.</span> 
     </span>
     <span class='ocr_line' id='line_1_13' title="bbox 192 1059 767 1115; baseline 0.007 -15"><span class='ocrx_word' id='word_1_78' title='bbox 192 1059 248 1103; x_wconf 83' lang='lat' dir='ltr'>vina</span> <span class='ocrx_word' id='word_1_79' title='bbox 254 1059 328 1104; x_wconf 86' lang='lat' dir='ltr'>bonus</span> <span class='ocrx_word' id='word_1_80' title='bbox 335 1071 385 1115; x_wconf 82' lang='lat' dir='ltr'>quae</span> <span class='ocrx_word' id='word_1_81' title='bbox 395 1059 477 1103; x_wconf 83' lang='lat' dir='ltr'>deiude</span> <span class='ocrx_word' id='word_1_82' title='bbox 486 1059 547 1103; x_wconf 79' lang='lat' dir='ltr'>cadis</span> <span class='ocrx_word' id='word_1_83' title='bbox 557 1062 664 1103; x_wconf 81' lang='lat' dir='ltr'>onerarat</span> <span class='ocrx_word' id='word_1_84' title='bbox 673 1062 767 1104; x_wconf 69' lang='lat' dir='ltr'>Aeetes</span> 
     </span>
     <span class='ocr_line' id='line_1_14' title="bbox 190 1129 779 1186; baseline 0.007 -16"><span class='ocrx_word' id='word_1_85' title='bbox 190 1130 267 1174; x_wconf 72' lang='lat' dir='ltr'>Litore</span> <span class='ocrx_word' id='word_1_86' title='bbox 274 1131 399 1179; x_wconf 66' lang='lat' dir='ltr'>trinacrio,</span> <span class='ocrx_word' id='word_1_87' title='bbox 409 1130 549 1186; x_wconf 79' lang='lat' dir='ltr'><strong>dederatque</strong></span> <span class='ocrx_word' id='word_1_88' title='bbox 561 1130 696 1174; x_wconf 85' lang='lat' dir='ltr'>abeuntibus</span> <span class='ocrx_word' id='word_1_89' title='bbox 703 1129 779 1179; x_wconf 87' lang='lat' dir='ltr'>heros,</span> 
     </span>
     <span class='ocr_line' id='line_1_15' title="bbox 191 1199 724 1256; baseline 0.004 -16"><span class='ocrx_word' id='word_1_90' title='bbox 191 1199 282 1248; x_wconf 78' lang='lat' dir='ltr'>Dividit.</span> <span class='ocrx_word' id='word_1_91' title='bbox 293 1206 316 1244; x_wconf 90' lang='lat' dir='ltr'>et</span> <span class='ocrx_word' id='word_1_92' title='bbox 324 1200 389 1244; x_wconf 81' lang='lat' dir='ltr'>dictis</span> <span class='ocrx_word' id='word_1_93' title='bbox 398 1201 517 1244; x_wconf 84' lang='lat' dir='ltr'>rnoerentia</span> <span class='ocrx_word' id='word_1_94' title='bbox 526 1204 619 1256; x_wconf 80' lang='lat' dir='ltr'>pectora</span> <span class='ocrx_word' id='word_1_95' title='bbox 625 1200 724 1245; x_wconf 83' lang='lat' dir='ltr'>mulcet:</span> 
     </span>
     <span class='ocr_line' id='line_1_16' title="bbox 219 1271 833 1326; baseline 0.008 -15"><span class='ocrx_word' id='word_1_96' title='bbox 219 1286 227 1307; x_wconf 77' lang='grc' dir='ltr'>ι</span> <span class='ocrx_word' id='word_1_97' title='bbox 239 1272 258 1311; x_wconf 90' lang='lat'>0</span> <span class='ocrx_word' id='word_1_98' title='bbox 269 1271 325 1314; x_wconf 84' lang='lat' dir='ltr'>sueti</span> <span class='ocrx_word' id='word_1_99' title='bbox 335 1277 340 1315; x_wconf 79' lang='lat' dir='ltr'>t</span> <span class='ocrx_word' id='word_1_100' title='bbox 344 1281 418 1325; x_wconf 88' lang='lat' dir='ltr'>neque</span> <span class='ocrx_word' id='word_1_101' title='bbox 426 1271 487 1314; x_wconf 86' lang='lat' dir='ltr'>euim</span> <span class='ocrx_word' id='word_1_102' title='bbox 497 1272 571 1326; x_wconf 78' lang='lat' dir='ltr'>ignari</span> <span class='ocrx_word' id='word_1_103' title='bbox 580 1283 656 1315; x_wconf 81' lang='lat' dir='ltr'>sumus</span> <span class='ocrx_word' id='word_1_104' title='bbox 665 1273 718 1315; x_wconf 88' lang='lat' dir='ltr'>ante</span> <span class='ocrx_word' id='word_1_105' title='bbox 728 1272 817 1316; x_wconf 89' lang='lat' dir='ltr'>maloru</span> <span class='ocrx_word' id='word_1_106' title='bbox 832 1302 833 1310; x_wconf 25' lang='grc' dir='ltr'>η</span> 
     </span>
     <span class='ocr_line' id='line_1_17' title="bbox 191 1340 768 1398; baseline 0.01 -18"><span class='ocrx_word' id='word_1_107' title='bbox 191 1344 209 1380; x_wconf 85' lang='lat'>0</span> <span class='ocrx_word' id='word_1_108' title='bbox 220 1342 279 1394; x_wconf 83' lang='lat' dir='ltr'>passi</span> <span class='ocrx_word' id='word_1_109' title='bbox 287 1341 406 1394; x_wconf 83' lang='lat' dir='ltr'>graviora,</span> <span class='ocrx_word' id='word_1_110' title='bbox 417 1340 478 1384; x_wconf 78' lang='lat' dir='ltr'>dabit</span> <span class='ocrx_word' id='word_1_111' title='bbox 486 1341 541 1386; x_wconf 88' lang='lat' dir='ltr'>deus</span> <span class='ocrx_word' id='word_1_112' title='bbox 548 1342 582 1385; x_wconf 88' lang='lat' dir='ltr'>his</span> <span class='ocrx_word' id='word_1_113' title='bbox 592 1353 682 1398; x_wconf 81' lang='lat' dir='ltr'>quoque</span> <span class='ocrx_word' id='word_1_114' title='bbox 689 1342 768 1386; x_wconf 87' lang='lat' dir='ltr'>tinem.</span> 
     </span>
     <span class='ocr_line' id='line_1_18' title="bbox 193 1411 749 1468; baseline 0.014 -19"><span class='ocrx_word' id='word_1_115' title='bbox 193 1414 236 1454; x_wconf 69' lang='lat' dir='ltr'>ves</span> <span class='ocrx_word' id='word_1_116' title='bbox 244 1415 267 1455; x_wconf 93' lang='lat' dir='ltr'>et</span> <span class='ocrx_word' id='word_1_117' title='bbox 275 1411 391 1465; x_wconf 80' lang='lat' dir='ltr'>Seyttaeam</span> <span class='ocrx_word' id='word_1_118' title='bbox 400 1412 487 1456; x_wconf 82' lang='lat' dir='ltr'><strong>rabiem</strong></span> <span class='ocrx_word' id='word_1_119' title='bbox 498 1413 632 1468; x_wconf 81' lang='lat' dir='ltr'>penitusque</span> <span class='ocrx_word' id='word_1_120' title='bbox 641 1415 749 1457; x_wconf 86' lang='lat' dir='ltr'>sonantes</span> 
     </span>
     <span class='ocr_line' id='line_1_19' title="bbox 193 1482 687 1539; baseline 0.006 -16"><span class='ocrx_word' id='word_1_121' title='bbox 193 1482 295 1527; x_wconf 52' lang='lat' dir='ltr'>rtdeestis</span> <span class='ocrx_word' id='word_1_122' title='bbox 304 1483 410 1538; x_wconf 87' lang='lat' dir='ltr'>scopulos</span> <span class='ocrx_word' id='word_1_123' title='bbox 421 1500 426 1525; x_wconf 74' lang='grc' dir='ltr'><strong>ε</strong></span> <span class='ocrx_word' id='word_1_124' title='bbox 436 1495 476 1527; x_wconf 82' lang='lat' dir='ltr'>vos</span> <span class='ocrx_word' id='word_1_125' title='bbox 485 1488 508 1528; x_wconf 87' lang='lat' dir='ltr'>et</span> <span class='ocrx_word' id='word_1_126' title='bbox 516 1484 623 1539; x_wconf 78' lang='lat' dir='ltr'><strong>Cyclopia</strong></span> <span class='ocrx_word' id='word_1_127' title='bbox 635 1493 687 1527; x_wconf 82' lang='lat' dir='ltr'>saxa</span> 
     </span>
     <span class='ocr_line' id='line_1_20' title="bbox 193 1553 810 1611; baseline 0.003 -15"><span class='ocrx_word' id='word_1_128' title='bbox 193 1556 293 1611; x_wconf 78' lang='lat' dir='ltr'><strong>Experti.</strong></span> <span class='ocrx_word' id='word_1_129' title='bbox 304 1556 418 1598; x_wconf 80' lang='lat' dir='ltr'>Revocate</span> <span class='ocrx_word' id='word_1_130' title='bbox 430 1553 524 1604; x_wconf 84' lang='lat' dir='ltr'>animes,</span> <span class='ocrx_word' id='word_1_131' title='bbox 537 1558 690 1609; x_wconf 74' lang='lat' dir='ltr'>mestumque</span> <span class='ocrx_word' id='word_1_132' title='bbox 699 1554 810 1598; x_wconf 89' lang='lat' dir='ltr'>timorem</span> 
     </span>
     <span class='ocr_line' id='line_1_21' title="bbox 193 1624 768 1677; baseline 0 -10"><span class='ocrx_word' id='word_1_133' title='bbox 193 1626 280 1669; x_wconf 76' lang='lat' dir='ltr'>Mittite.</span> <span class='ocrx_word' id='word_1_134' title='bbox 292 1627 376 1668; x_wconf 79' lang='lat' dir='ltr'>Forsan</span> <span class='ocrx_word' id='word_1_135' title='bbox 384 1629 406 1669; x_wconf 92' lang='lat' dir='ltr'>et</span> <span class='ocrx_word' id='word_1_136' title='bbox 415 1625 464 1669; x_wconf 84' lang='lat' dir='ltr'>haee</span> <span class='ocrx_word' id='word_1_137' title='bbox 472 1625 526 1668; x_wconf 88' lang='lat' dir='ltr'>olim</span> <span class='ocrx_word' id='word_1_138' title='bbox 534 1624 663 1669; x_wconf 76' lang='lat' dir='ltr'>meminisse</span> <span class='ocrx_word' id='word_1_139' title='bbox 671 1624 768 1677; x_wconf 70' lang='lat' dir='ltr'>juvabit.</span> 
     </span>
     <span class='ocr_line' id='line_1_22' title="bbox 195 1696 717 1750; baseline -0.002 -13"><span class='ocrx_word' id='word_1_140' title='bbox 195 1700 238 1740; x_wconf 75' lang='lat' dir='ltr'>Per</span> <span class='ocrx_word' id='word_1_141' title='bbox 245 1696 319 1739; x_wconf 85' lang='lat' dir='ltr'>varios</span> <span class='ocrx_word' id='word_1_142' title='bbox 327 1707 400 1748; x_wconf 85' lang='lat' dir='ltr'>casus,</span> <span class='ocrx_word' id='word_1_143' title='bbox 407 1706 449 1750; x_wconf 85' lang='lat' dir='ltr'>per</span> <span class='ocrx_word' id='word_1_144' title='bbox 458 1700 491 1740; x_wconf 87' lang='lat' dir='ltr'>tet</span> <span class='ocrx_word' id='word_1_145' title='bbox 500 1696 632 1739; x_wconf 78' lang='lat' dir='ltr'>discrimina</span> <span class='ocrx_word' id='word_1_146' title='bbox 639 1706 717 1738; x_wconf 89' lang='lat' dir='ltr'>rerum</span> 
     </span>
     <span class='ocr_line' id='line_1_23' title="bbox 193 1765 728 1821; baseline 0.002 -14"><span class='ocrx_word' id='word_1_147' title='bbox 193 1768 314 1812; x_wconf 76' lang='lat' dir='ltr'>Tendimus</span> <span class='ocrx_word' id='word_1_148' title='bbox 322 1768 347 1811; x_wconf 87' lang='lat' dir='ltr'>in</span> <span class='ocrx_word' id='word_1_149' title='bbox 357 1768 444 1812; x_wconf 85' lang='lat' dir='ltr'>tatium</span> <span class='ocrx_word' id='word_1_150' title='bbox 454 1800 459 1819; x_wconf 88' lang='lat'><em>‚</em></span> <span class='ocrx_word' id='word_1_151' title='bbox 470 1767 535 1812; x_wconf 88' lang='lat' dir='ltr'>sedes</span> <span class='ocrx_word' id='word_1_152' title='bbox 544 1766 581 1810; x_wconf 91' lang='lat' dir='ltr'>uhi</span> <span class='ocrx_word' id='word_1_153' title='bbox 590 1765 728 1821; x_wconf 81' lang='lat' dir='ltr'>fataquietas</span> 
     </span>
     <span class='ocr_line' id='line_1_24' title="bbox 193 1837 726 1893; baseline -0.002 -15"><span class='ocrx_word' id='word_1_154' title='bbox 193 1838 328 1882; x_wconf 83' lang='lat' dir='ltr'>ostendunt.</span> <span class='ocrx_word' id='word_1_155' title='bbox 337 1839 385 1883; x_wconf 76' lang='lat' dir='ltr'>Illic</span> <span class='ocrx_word' id='word_1_156' title='bbox 393 1837 426 1882; x_wconf 77' lang='lat' dir='ltr'>tas</span> <span class='ocrx_word' id='word_1_157' title='bbox 435 1849 505 1893; x_wconf 83' lang='lat' dir='ltr'>regna</span> <span class='ocrx_word' id='word_1_158' title='bbox 513 1849 630 1890; x_wconf 70' lang='lat' dir='ltr'>resurgere</span> <span class='ocrx_word' id='word_1_159' title='bbox 638 1838 712 1890; x_wconf 79' lang='lat' dir='ltr'>Trojae</span> <span class='ocrx_word' id='word_1_160' title='bbox 721 1852 726 1877; x_wconf 72' lang='grc' dir='ltr'><strong>ι</strong></span> 
     </span>
     <span class='ocr_line' id='line_1_25' title="bbox 196 1906 726 1959; baseline -0.008 -8"><span class='ocrx_word' id='word_1_161' title='bbox 196 1910 287 1959; x_wconf 78' lang='lat' dir='ltr'>Durate.</span> <span class='ocrx_word' id='word_1_162' title='bbox 295 1912 319 1954; x_wconf 87' lang='lat' dir='ltr'>et</span> <span class='ocrx_word' id='word_1_163' title='bbox 328 1913 415 1953; x_wconf 81' lang='lat' dir='ltr'>vosmet</span> <span class='ocrx_word' id='word_1_164' title='bbox 423 1909 491 1953; x_wconf 86' lang='lat' dir='ltr'>rebus</span> <span class='ocrx_word' id='word_1_165' title='bbox 496 1912 585 1953; x_wconf 82' lang='lat' dir='ltr'>servate</span> <span class='ocrx_word' id='word_1_166' title='bbox 592 1906 705 1951; x_wconf 83' lang='lat' dir='ltr'>secundis.</span> <span class='ocrx_word' id='word_1_167' title='bbox 716 1922 726 1946; x_wconf 73' lang='grc' dir='ltr'><strong>ι</strong></span> 
     </span>
     <span class='ocr_line' id='line_1_26' title="bbox 220 1977 757 2035; baseline 0 -14"><span class='ocrx_word' id='word_1_168' title='bbox 220 1981 282 2024; x_wconf 83' lang='lat' dir='ltr'>Talia</span> <span class='ocrx_word' id='word_1_169' title='bbox 290 1993 347 2026; x_wconf 87' lang='lat' dir='ltr'>voce</span> <span class='ocrx_word' id='word_1_170' title='bbox 355 1981 434 2030; x_wconf 69' lang='lat' dir='ltr'>referte</span> <span class='ocrx_word' id='word_1_171' title='bbox 445 1981 549 2035; x_wconf 83' lang='lat' dir='ltr'>curiaque</span> <span class='ocrx_word' id='word_1_172' title='bbox 557 1977 685 2034; x_wconf 79' lang='lat' dir='ltr'>tegentibus</span> <span class='ocrx_word' id='word_1_173' title='bbox 697 1988 757 2032; x_wconf 77' lang='lat' dir='ltr'>aeger</span> 
     </span>
     <span class='ocr_line' id='line_1_27' title="bbox 195 2048 815 2108; baseline 0.002 -18"><span class='ocrx_word' id='word_1_174' title='bbox 195 2055 263 2106; x_wconf 77' lang='lat' dir='ltr'>spem</span> <span class='ocrx_word' id='word_1_175' title='bbox 272 2053 335 2095; x_wconf 83' lang='lat' dir='ltr'>vultu</span> <span class='ocrx_word' id='word_1_176' title='bbox 344 2051 441 2100; x_wconf 83' lang='lat' dir='ltr'>simulat,</span> <span class='ocrx_word' id='word_1_177' title='bbox 450 2052 534 2108; x_wconf 79' lang='lat' dir='ltr'>premit</span> <span class='ocrx_word' id='word_1_178' title='bbox 542 2051 613 2094; x_wconf 83' lang='lat' dir='ltr'>altum</span> <span class='ocrx_word' id='word_1_179' title='bbox 622 2049 691 2094; x_wconf 76' lang='lat' dir='ltr'>eorde</span> <span class='ocrx_word' id='word_1_180' title='bbox 700 2048 815 2092; x_wconf 87' lang='lat' dir='ltr'>dolorem.</span> 
     </span>
     <span class='ocr_line' id='line_1_28' title="bbox 197 2117 742 2177; baseline -0.006 -14"><span class='ocrx_word' id='word_1_181' title='bbox 197 2122 231 2164; x_wconf 85' lang='lat' dir='ltr'>ttli</span> <span class='ocrx_word' id='word_1_182' title='bbox 238 2133 262 2165; x_wconf 81' lang='lat' dir='ltr'>ee</span> <span class='ocrx_word' id='word_1_183' title='bbox 270 2122 351 2177; x_wconf 79' lang='lat' dir='ltr'><strong>proedae</strong></span> <span class='ocrx_word' id='word_1_184' title='bbox 358 2122 489 2176; x_wconf 76' lang='lat' dir='ltr'>adcingunt.</span> <span class='ocrx_word' id='word_1_185' title='bbox 499 2120 638 2176; x_wconf 81' lang='lat' dir='ltr'>dapibusque</span> <span class='ocrx_word' id='word_1_186' title='bbox 646 2117 726 2162; x_wconf 55' lang='lat' dir='ltr'>futuris</span> <span class='ocrx_word' id='word_1_187' title='bbox 735 2134 742 2160; x_wconf 77' lang='lat' dir='ltr'>s</span> 
     </span>
     <span class='ocr_line' id='line_1_29' title="bbox 196 2189 735 2249; baseline -0.004 -16"><span class='ocrx_word' id='word_1_188' title='bbox 196 2194 295 2246; x_wconf 81' lang='lat' dir='ltr'>Tergora</span> <span class='ocrx_word' id='word_1_189' title='bbox 303 2192 419 2249; x_wconf 78' lang='lat' dir='ltr'>deripiunt</span> <span class='ocrx_word' id='word_1_190' title='bbox 427 2192 502 2240; x_wconf 84' lang='lat' dir='ltr'>costis.</span> <span class='ocrx_word' id='word_1_191' title='bbox 512 2194 535 2234; x_wconf 91' lang='lat' dir='ltr'>et</span> <span class='ocrx_word' id='word_1_192' title='bbox 544 2192 631 2235; x_wconf 88' lang='lat' dir='ltr'>viseera</span> <span class='ocrx_word' id='word_1_193' title='bbox 640 2189 735 2233; x_wconf 84' lang='lat' dir='ltr'>nudant.</span> 
     </span>
     <span class='ocr_line' id='line_1_30' title="bbox 198 2259 826 2316; baseline -0.003 -12"><span class='ocrx_word' id='word_1_194' title='bbox 198 2266 252 2306; x_wconf 83' lang='lat' dir='ltr'>Pars</span> <span class='ocrx_word' id='word_1_195' title='bbox 260 2264 283 2305; x_wconf 87' lang='lat' dir='ltr'>iu</span> <span class='ocrx_word' id='word_1_196' title='bbox 293 2263 363 2308; x_wconf 85' lang='lat' dir='ltr'>trusta</span> <span class='ocrx_word' id='word_1_197' title='bbox 370 2266 454 2313; x_wconf 83' lang='lat' dir='ltr'>secant,</span> <span class='ocrx_word' id='word_1_198' title='bbox 466 2261 601 2316; x_wconf 86' lang='lat' dir='ltr'>veribusque</span> <span class='ocrx_word' id='word_1_199' title='bbox 610 2261 730 2305; x_wconf 83' lang='lat' dir='ltr'>trementia</span> <span class='ocrx_word' id='word_1_200' title='bbox 738 2259 810 2312; x_wconf 74' lang='lat' dir='ltr'>figunt</span> <span class='ocrx_word' id='word_1_201' title='bbox 820 2278 826 2311; x_wconf 83' lang='lat'><strong>;</strong></span> 
     </span>
     <span class='ocr_line' id='line_1_31' title="bbox 197 2332 777 2387; baseline 0 -13"><span class='ocrx_word' id='word_1_202' title='bbox 197 2334 274 2379; x_wconf 71' lang='lat' dir='ltr'>Litore</span> <span class='ocrx_word' id='word_1_203' title='bbox 282 2345 337 2379; x_wconf 85' lang='lat' dir='ltr'>aena</span> <span class='ocrx_word' id='word_1_204' title='bbox 345 2335 420 2380; x_wconf 85' lang='lat' dir='ltr'>locant</span> <span class='ocrx_word' id='word_1_205' title='bbox 428 2335 473 2381; x_wconf 81' lang='lat' dir='ltr'>alti,</span> <span class='ocrx_word' id='word_1_206' title='bbox 482 2333 627 2387; x_wconf 80' lang='lat' dir='ltr'>flammasque</span> <span class='ocrx_word' id='word_1_207' title='bbox 637 2332 777 2381; x_wconf 62' lang='lat' dir='ltr'>ministrare</span> 
     </span>
    </p>
   </div>
   <div class='ocr_carea' id='block_1_3' title="bbox 204 2532 335 2600">
    <p class='ocr_par' dir='ltr' id='par_1_3' title="bbox 204 2532 335 2600">
     <span class='ocr_line' id='line_1_32' title="bbox 204 2532 335 2600; baseline 0 0"><span class='ocrx_word' id='word_1_208' title='bbox 204 2532 335 2600; x_wconf 70' lang='lat' dir='ltr'>A</span> 
     </span>
    </p>
   </div>
   <div class='ocr_carea' id='block_1_4' title="bbox 0 0 849 2964">
    <p class='ocr_par' dir='ltr' id='par_1_4' title="bbox 0 0 849 2964">
     <span class='ocr_line' id='line_1_33' title="bbox 0 0 849 2964; baseline 0 0"><span class='ocrx_word' id='word_1_209' title='bbox 0 0 849 2964; x_wconf 95' lang='lat' dir='ltr'> </span> 
     </span>
    </p>
   </div>
  </div>
 </body>
</html>
