1666 2964
191 401 229 441 tut
456 400 586 443 AENEIDOS
814 404 822 443 l

190 483 261 540 lrlquc
268 484 346 529 audire
353 486 387 528 sat
395 486 436 534 est,
448 484 583 540 tuirandum
596 484 680 530 sumite
689 494 780 541 poenas.

190 559 239 598 lluc
248 554 337 598 ltaclrus
344 554 406 608 velit,
415 557 439 600 et
445 565 529 609 magua
537 556 670 599 mercentur
679 555 796 601 Atride..

216 628 274 668 Tum
282 635 337 670 vero
344 624 450 670 ardemus
459 625 534 670 scitari
542 629 566 671 et
576 636 780 680 quatercentum,

190 694 263 747 ignari
271 696 380 741 seuerum
388 698 504 740 tantorum
510 697 609 752 artisque
617 696 731 752 Pelasgae.

188 765 334 820 Prosequitur
343 766 454 821 pavitans,
465 768 488 811 et
498 765 552 811 licto
559 767 651 823 wetere
658 765 722 811 latur
733 784 740 810 ε

218 850 227 875 ι
237 840 301 893 sape
309 835 386 891 lugam
394 837 465 880 Danai
473 838 538 891 arola
545 836 637 891 cupiere
643 836 727 882 relicta

189 906 268 955 llulirl.
276 910 300 952 et
308 906 377 961 longo
387 906 438 951 lessi
447 907 563 952 discedere
572 906 639 952 bello.

190 976 347 1033 Fecisseutqne
356 978 457 1021 utinam!
467 989 527 1034 sape
534 978 583 1022 illos
592 989 671 1033 aspera
680 982 750 1036 ponti

189 1048 319 1092 interclusit
324 1047 404 1098 hiems,
416 1048 527 1093 attonuit
535 1049 618 1093 Auster
625 1051 717 1094 euntes.

191 1118 314 1175 Praecipue,
322 1130 392 1174 quum
398 1120 445 1172 jam
455 1118 492 1163 hic
502 1118 603 1162 trabibus
611 1120 736 1164 coutexms
745 1122 828 1167 aceruis

188 1190 346 1243 sereremus,
355 1191 403 1232 totu
416 1192 541 1233 sonuerunt
549 1188 632 1234 aetlrere
640 1189 725 1233 nimbi.

189 1260 293 1315 suspensi
301 1259 440 1315 Eurypylum
447 1260 552 1303 scitatum
561 1260 652 1304 oracula
662 1260 743 1305 ulroetu

190 1330 304 1378 Mittimus,
313 1329 376 1384 isque
384 1329 457 1384 adytis
469 1329 518 1374 lm‘c
526 1329 597 1373 tu‘stla
608 1328 669 1373 dicta
676 1336 794 1387 reportstr

191 1415 199 1437 ι
210 1399 323 1454 sanguiue
332 1400 436 1455 placastis
445 1402 525 1443 ventus
536 1403 559 1444 et
566 1399 654 1454 virgine
661 1411 729 1449 causa.

189 1472 264 1521 Quum
274 1469 373 1524 primum
382 1469 467 1515 iliacas.
479 1469 557 1519 Danai,
569 1469 663 1513 venistis
672 1471 702 1513 ad
712 1483 777 1516 oras:

189 1541 302 1595 sanguiue
309 1540 423 1597 triturandi
432 1541 531 1592 reditum
542 1541 661 1595 animaque
670 1541 780 1589 litandum

191 1613 303 1667 Argolica.
312 1629 322 1652 ι
331 1613 394 1667 Vulgi
401 1624 451 1668 quae
459 1625 503 1657 vox
510 1612 603 1656 utveult
611 1611 638 1655 ad
648 1623 724 1667 autes,

189 1683 332 1737 obstupuere
341 1682 428 1729 animis.
437 1682 568 1738 gelidusque
575 1693 616 1737 per
624 1681 670 1724 ima
678 1684 784 1727 cucurrit

188 1755 243 1796 (issa
250 1755 349 1796 tremor:
359 1751 396 1795 cui
403 1750 448 1795 lata
457 1755 545 1807 parcnt,
553 1762 619 1807 quem
629 1757 709 1807 poscat
717 1752 807 1809 Apullu.

188 1824 231 1868 llic
239 1823 328 1868 ithacus
334 1826 409 1868 vatem
418 1833 502 1876 magno
509 1821 627 1866 Calchanta
635 1823 736 1866 tumultu

190 1893 302 1939 l‘rotrahit
311 1894 334 1936 iu
343 1892 439 1942 mellissa
448 1904 499 1947 qum
508 1892 553 1935 siut
560 1903 587 1935 ca
593 1892 687 1935 uumlua
695 1891 786 1938 divitur.

188 1954 290 2019 Flagitat.
299 1966 327 2006 ut
336 1961 390 2006 milri
396 1964 444 2017 jam
453 1962 519 2005 multi
527 1961 619 2005 crudele
628 1962 741 2005 cauebant

189 2033 372 2086 Artificisscelus
383 2036 406 2076 et
415 2033 477 2076 taciti
486 2035 583 2076 ventura
589 2032 705 2076 videbant.

190 2105 225 2146 llis
234 2104 315 2160 quinos
323 2104 372 2148 silet
382 2103 420 2148 illc
426 2102 481 2152 dics,
492 2106 608 2156 tectusque
617 2106 705 2146 recusat

190 2174 289 2220 Prodere
296 2186 352 2220 voce
360 2185 399 2218 sua
409 2184 551 2228 quemquam,
561 2176 600 2216 aut
608 2184 724 2227 optionem
736 2175 815 2218 morti.

188 2243 227 2286 t‘ix
234 2244 326 2289 taudem
332 2245 419 2299 maguis
428 2243 495 2287 ltlraci
503 2244 639 2287 clamoribus
646 2245 720 2295 actus,

187 2317 317 2372 Composito
330 2317 509 2372 rumpitvuceru,
523 2317 546 2359 et
555 2326 591 2359 ure
599 2314 697 2358 destinat
705 2325 759 2358 ara.

189 2384 313 2431 Adsensere
321 2399 413 2436 uruum3
422 2387 452 2435 et,
462 2397 512 2440 qum
521 2385 562 2428 sibi
572 2385 666 2440 quisque
676 2384 779 2435 timebat,

189 2455 258 2499 l⁷uius
265 2455 290 2498 iu
300 2457 374 2502 miseri
384 2456 476 2501 esitium
486 2466 594 2498 conversa
603 2455 681 2498 lulum.

187 2529 283 2581 tumque
291 2525 337 2571 tiles
345 2525 435 2571 tutanda
443 2525 519 2569 adurat
529 2538 534 2563 ε
544 2524 598 2568 milri
608 2537 670 2568 sarra
678 2527 760 2579 uacari,
