1666 2964
85 429 138 470 5⁴2
366 428 450 469 illinit
465 428 512 468 iiii.
726 427 767 466 tut

85 511 200 566 Occidis,
211 502 300 568 Argivas
309 524 376 568 quem
386 524 433 556 nun
441 516 537 568 potuere
544 511 666 569 pnaianges

86 588 203 629 sternere
210 613 216 634 ,
223 594 267 629 nec
274 583 357 628 Priami
367 595 491 639 regnorum
498 588 591 627 eversor
599 582 708 630 Aciriiies;

88 655 143 699 Hic
152 655 192 698 tibi
202 655 280 699 mortis
289 659 354 699 eraut
364 659 441 704 metare
452 654 534 698 domus
543 653 588 696 alia
599 652 640 696 suti
649 652 700 699 Idas

89 724 206 780 Lyrneesi
215 723 295 768 domus
303 723 359 773 aita.
369 725 418 768 soie
428 726 541 768 Laurente
550 722 688 778 sepulcrum.

90 798 163 840 Totas
173 793 229 838 adeo
237 806 352 839 conversae
361 795 432 843 acies.
442 802 566 847 omnesque
575 792 661 840 Latini,

91 871 186 910 omnes
196 864 330 909 Dardanidas
339 881 345 907 ι
354 864 484 910 Mnestheus
491 895 497 913 ,
505 873 602 918 acerque
610 865 722 907 Serestus.

93 940 127 981 Et
136 939 251 992 Messapus
259 934 342 991 eqndm
351 935 464 987 domitur,
474 936 498 977 et
507 932 571 977 tortis
579 933 670 986 Aestas,

94 1011 272 1061 Tuscorumque
281 1005 392 1060 phalanx,
401 1003 544 1058 Euandrique
552 1001 650 1047 Arcades
659 1004 700 1046 niue
710 1019 717 1043 ι

96 1080 148 1120 Pro
156 1087 181 1120 se
188 1076 296 1131 quisque.
307 1075 352 1118 viri
359 1085 446 1119 snrnma
455 1074 561 1118 nituntur
569 1085 638 1129 epum
647 1074 677 1116 vi.

95 1149 149 1192 Nec
158 1157 236 1194 mora,
247 1156 290 1189 nee
297 1146 398 1201 nequisse
409 1147 474 1188 vasto
483 1145 608 1189 certamine
617 1143 722 1189 tendunt.

130 1218 174 1261 iiic
182 1220 282 1261 mentem
291 1220 365 1260 AEueae
374 1217 471 1271 genitrix
478 1215 629 1270 pulcherrima
638 1216 709 1262 misit.

98 1291 150 1332 iret
156 1291 183 1331 ut
191 1285 220 1330 ad
229 1297 320 1334 murus.
331 1286 425 1341 urbique
434 1286 563 1332 adverteret
571 1297 653 1341 agmen

103 1363 195 1412 (ierus,
204 1361 228 1401 et
235 1356 308 1402 subita
316 1357 418 1402 turbaret
424 1356 489 1401 elude
497 1358 596 1401 Latinos.

103 1428 160 1478 lile.
169 1431 195 1472 ut
201 1429 314 1482 vestigans
322 1427 410 1472 diversa
418 1439 459 1484 per
466 1428 556 1480 agmina
565 1431 678 1477 Turnum,

104 1503 158 1544 Huc
166 1503 234 1555 atque
243 1499 288 1542 hirc
296 1500 355 1542 acies
362 1499 515 1547 circurntuiite
525 1498 619 1555 adspicit
627 1500 710 1544 urbem

104 1573 235 1614 immunem
246 1570 301 1613 tanti
310 1568 377 1622 belii,
388 1572 454 1625 atque
463 1569 555 1626 impune
563 1570 669 1626 quietam.

102 1640 223 1685 (mutiuno
230 1652 312 1697 priqnae
319 1639 425 1686 adcendit
435 1641 525 1695 majoris
533 1643 619 1696 imagor

104 1711 225 1755 Mnesthea
233 1713 405 1767 Sergestumque
415 1714 494 1762 vocat.
504 1711 630 1767 fortemque
638 1713 752 1754 Serestum

105 1785 231 1830 Ductores.
244 1781 401 1837 tumulumque
408 1783 536 1837 capit,qu0
542 1783 618 1826 cetera
624 1779 736 1825 Teucrum

104 1852 230 1897 ‹iuncurrit
238 1852 308 1915 iegiu;
318 1864 361 1896 nec
368 1856 431 1896 scuta
439 1856 479 1895 aut
486 1853 570 1906 spicula
580 1850 644 1894 densi

106 1923 314 1978 nemausense
323 1923 411 1967 medius
418 1926 480 1965 stans
487 1932 568 1976 aggere
577 1920 649 1964 tatur:

109 2010 119 2033 ι
132 1995 168 2037 Ne
175 2004 221 2047 qna
230 1994 286 2037 meis
294 1996 343 2038 estu
353 1992 419 2036 dictis
428 2002 500 2035 mura.
508 1992 613 2046 irrupiter
621 1991 664 2034 hac
673 1993 724 2034 stat.

107 2064 159 2106 Neu
168 2063 219 2117 quis
227 2061 256 2104 ob
266 2062 380 2118 inceptum
388 2061 486 2105 subitum
496 2059 550 2103 mihi
560 2061 651 2113 segnior
659 2060 698 2104 ito.

107 2133 196 2177 Urbem
203 2131 284 2183 hodie.
294 2144 386 2177 causum
396 2132 460 2180 belii.
471 2143 539 2186 regna
549 2132 599 2186 insa
607 2131 676 2175 naum
687 2162 692 2179 ,

109 2204 140 2247 n'i
149 2203 239 2248 irenum
248 2204 351 2260 adcipere
360 2207 383 2249 et
390 2204 443 2248 victi
452 2214 531 2259 parere
541 2201 645 2251 fatentur.

110 2279 197 2320 Eruam
206 2307 211 2329 ,
220 2277 246 2319 et
252 2287 315 2330 aequa
324 2275 372 2319 suto
382 2273 492 2318 fumantia
499 2272 598 2318 culmina
607 2283 698 2327 penam.

110 2345 204 2391 scilicet
209 2349 333 2401 exspectem
341 2378 346 2396 .
354 2345 424 2389 libeat
434 2344 488 2388 dum
497 2342 574 2399 praelia
584 2345 661 2386 Turno

112 2418 197 2460 Nostra
205 2417 263 2469 nati,
273 2427 396 2472 rursusque
403 2416 457 2459 vetit
465 2424 602 2459 concurrere
609 2412 694 2456 rictus?

113 2491 165 2532 Huc
172 2490 254 2542 caput.
264 2487 360 2536 octies,
371 2487 420 2530 iraec
429 2485 482 2528 belii
491 2495 579 2528 summa
588 2480 687 2527 nefandi.

112 2563 182 2604 Ferte
189 2557 247 2604 iaces
256 2569 364 2615 propere,
375 2554 607 2612 isedusquerepuscite
614 2552 717 2597 dammis.
729 2568 739 2590 ι
