1666 2964
209 188 247 227 {Sit
456 185 622 227 ‹idoneicon'

208 277 251 325 tc,
261 272 331 316 duicis
339 275 420 327 conjnx
429 304 435 326 ‚
445 276 467 316 tc
475 273 524 317 suin
533 274 628 317 inlitore
635 283 712 317 secum
722 305 727 322 ,

207 347 239 388 ‘re
248 344 352 389 veniente
360 343 408 393 die,
418 346 441 388 te
453 343 583 397 decedente,
590 343 694 388 canebat.

207 415 320 459 Taenarias
330 416 397 459 etiam
407 412 493 464 fauces.
503 416 548 459 alta
556 415 611 459 ostia
621 413 692 464 Diris,

208 486 237 527 Et
244 485 378 540 caligantem
387 485 452 541 nigra
461 484 582 529 inuuidine
589 487 666 529 lucum

208 556 337 610 ingressus,
348 560 467 610 linumque
477 556 543 607 adiit,
553 567 674 612 regemque
681 555 825 600 tremendum

209 626 228 668 N
230 628 333 682 esciaque
339 625 445 669 humaunis
453 626 557 682 precihus
564 635 721 669 mansuescere
729 626 809 670 corda.

209 698 240 739 nt
248 699 316 742 cantu
325 701 443 742 commotae
451 696 518 740 Erebi
525 695 553 740 de
564 695 654 740 sedibus
663 696 714 739 imis

208 767 299 811 timbrae
308 766 371 810 ibant
381 770 471 818 tenues,
480 767 645 822 simulacraque
650 766 703 810 lucc
711 770 832 811 carentum

208 842 282 892 Quam
290 839 362 882 muita
370 838 394 880 in
404 837 462 882 toliis
469 840 574 883 aviumse
584 838 654 882 miliia
661 836 781 893 cendunt,

209 911 293 966 Vesper
301 908 339 952 ubi
348 910 388 953 aut
396 908 504 954 hibernus
511 909 557 964 agit
566 908 595 954 de
602 908 717 953 montibus
723 908 799 953 imber
808 925 815 951 ε

209 983 304 1032 itatres,
315 983 382 1036 atque
387 978 441 1029 vni.
451 979 602 1036 deiunctaque
609 990 705 1037 corpora
712 979 760 1024 sita

210 1050 378 1106 Magnanimum
384 1050 491 1101 heroum.
501 1051 565 1106 pueri
573 1082 579 1101 .
587 1051 737 1108 innuptaeque
743 1051 826 1107 puelle

209 1121 356 1179 impositique
362 1123 523 1179 rogisJuvencs
532 1125 584 1167 ante
593 1124 773 1179 creparentnme

210 1196 271 1246 Quos
278 1193 364 1237 circum
369 1194 436 1237 iimus
442 1193 513 1249 niger,
523 1195 546 1238 et
553 1190 661 1238 determis
668 1192 758 1238 arundo

211 1262 301 1316 cocyti,
312 1261 419 1319 tardaque
426 1263 489 1319 palus
495 1262 622 1307 inamabilis
633 1261 695 1306 unda

212 1332 314 1388 Adligat.
325 1336 348 1378 et
357 1333 435 1378 novies
444 1336 500 1389 styx
509 1332 617 1379 interfusa
625 1335 725 1378 coercet.

210 1404 272 1458 Quin
280 1405 334 1460 ipsae
342 1408 449 1461 stupuere
455 1405 548 1455 domus,
558 1406 625 1461 atque
632 1404 712 1448 intima
722 1406 772 1450 Leti

210 1478 310 1528 Tartara,
319 1477 472 1532 caenrieosque
479 1476 581 1533 implere
589 1475 690 1520 crinibus
700 1487 787 1532 angues

212 1547 359 1597 Eumenides.
369 1546 488 1602 tenuitque
494 1545 583 1590 inhians
591 1548 633 1590 iria
643 1546 753 1592 cerberus
763 1559 817 1596 ora.

213 1619 286 1674 Atque
293 1616 373 1661 Ixionii
381 1621 451 1661 rento
461 1619 511 1661 rota
518 1616 620 1661 constitit
629 1615 698 1660 orcis.

240 1703 252 1729 ι
262 1692 357 1744 Jamque
363 1687 445 1745 pedem
454 1686 625 1732 reterenscasus
633 1688 735 1732 evaserat
744 1696 825 1730 omues

214 1758 355 1816 Redditaque
364 1756 478 1813 Eurydice
485 1769 577 1814 superas
586 1758 690 1802 veniebat
697 1755 726 1800 ad
734 1768 813 1807 auras.

214 1835 277 1877 Pone
282 1843 383 1888 sequens,
390 1841 488 1887 namque
494 1830 553 1875 hanc
558 1829 651 1875 dederat
655 1829 833 1885 Proserpinaie

212 1906 288 1956 Quum
297 1902 371 1946 subita
377 1902 494 1947 incautum
502 1900 618 1946 dementia
628 1899 687 1957 cepit
696 1901 812 1943 amantem
821 1930 827 1949 .

215 1972 355 2030 ignoscenda
364 1973 470 2029 quidem,
480 1973 564 2017 scirent
573 1972 591 2016 si
600 1972 717 2027 ignoscere
724 1973 818 2014 Manes!

215 2044 312 2095 tiestitit,
323 2042 495 2100 Eurydicenque
502 2054 565 2087 suani
573 2043 621 2096 jam
630 2041 681 2087 luce
689 2039 731 2085 sub
739 2040 801 2096 ipsa,

215 2117 344 2165 immemor,
351 2113 411 2159 heu!
422 2114 538 2170 uictusque
545 2112 622 2160 animi,
632 2110 754 2169 respexit...
765 2109 824 2154 lbio

215 2183 383 2235 stimulabar,
394 2188 460 2242 atque
468 2184 560 2229 immitis
571 2187 638 2241 rupta
645 2181 736 2239 tyranni

216 2254 322 2305 rudera,
332 2259 410 2313 terque
417 2254 493 2310 fragor
499 2254 584 2310 stagnis
592 2252 681 2299 auditus
690 2251 794 2297 Auernis.

216 2327 269 2372 lita:
279 2326 349 2382 «Quis
358 2329 431 2376 etme.
440 2325 520 2382 inquit,
529 2324 643 2375 miseram,
652 2326 675 2370 et
688 2325 712 2368 te
723 2321 826 2378 perdidit
