1666 2964
166 383 250 426 illidit
264 386 299 426 lv.
523 387 559 431 2³1

60 472 83 514 et
90 469 168 526 leugas
176 471 201 514 in
210 469 285 516 derum
295 470 378 517 ducere
384 483 458 518 νοω.

55 543 135 586 eterea
143 540 336 596 ratumpraedicta
348 543 440 599 piorum

55 611 108 655 nitu
121 611 263 657 horrificant.
272 613 327 668 agit
335 614 383 670 ipse
392 614 505 662 turentern

55 694 97 728 uus
104 687 195 734 AEuease
205 695 338 740 semperque
349 685 446 742 relinqui

55 763 116 810 mper
124 753 216 808 longam
225 754 356 798 incomitata
365 755 455 800 videtur

63 821 140 876 Tyrios
149 821 239 867 deserta
248 834 351 878 quaerere
361 826 428 868 terra.

65 892 135 937 veluti
143 893 236 938 demens
245 894 308 939 videt
316 895 406 950 agmina
415 895 540 945 Pentheus.

56 965 144 1014 ninum,
153 966 177 1009 et
184 963 287 1021 duplices
294 977 318 1010 se
325 966 444 1012 ostendere
452 967 553 1013 theban

55 1036 152 1080 nunnius
163 1036 237 1080 scenis
244 1038 340 1091 agitatus
350 1039 452 1092 Orestes,

56 1106 118 1152 cibus
126 1112 223 1152 matrem
230 1111 253 1153 et
261 1109 403 1166 serpentibus
412 1110 467 1154 atris

63 1177 198 1235 ultricesque
208 1178 287 1224 sedent
301 1180 325 1222 in
335 1179 412 1223 limine
422 1181 488 1226 Dirae.

63 1250 168 1305 concepit
176 1249 254 1294 Furias
262 1248 435 1300 evictadnlore‚
536 1247 538 1251 '

64 1318 130 1365 mori.
140 1321 230 1374 tempus
236 1330 312 1364 seuam
321 1319 370 1375 ipsa
379 1318 517 1376 modumque

56 1391 136 1432 restam
145 1387 212 1434 dictis
222 1388 327 1445 adgressa
337 1400 452 1440 sororem.

56 1457 105 1501 nitu
114 1457 182 1512 tegit,
199 1469 226 1503 ae
234 1471 297 1516 spem
309 1457 384 1504 trente
393 1461 496 1505 serenet:

57 1539 176 1582 gerulam,
189 1528 250 1573 viam
260 1531 363 1584 (gratare
371 1528 445 1573 sorori
452 1532 467 1581 ),

56 1596 120 1642 eddat
127 1609 191 1647 eum.
202 1600 239 1643 vel
247 1610 275 1644 eo
282 1610 319 1645 ure
328 1599 401 1644 solvat
409 1601 530 1645 mantem.

56 1669 140 1722 niuxta
153 1669 268 1724 solemque
274 1669 404 1719 cadentem.

57 1740 143 1796 riopum
152 1738 214 1785 locris
224 1741 270 1790 est,
280 1741 318 1784 ubi
325 1742 435 1787 maximus
442 1741 505 1784 Atlas

59 1821 85 1854 ro
92 1812 182 1866 torquet
188 1810 258 1856 stellis
263 1810 394 1857 ardentibus
401 1815 492 1867 aptum:

56 1881 142 1936 lassqlae
151 1881 226 1935 gentis
235 1885 360 1926 monstrata
369 1880 485 1929 sacerdos.

56 1966 59 1993 ι
68 1950 145 2006 tempti
155 1953 231 1995 custos
238 1982 244 2000 .
252 1950 376 2008 epulasque
385 1949 479 1995 draconi

60 2024 83 2065 et
90 2031 164 2065 sacros
173 2021 276 2066 servabat
284 2022 308 2065 in
316 2021 398 2065 arhnre
406 2032 493 2068 ramos.

56 2090 123 2134 uuida
131 2090 197 2134 melia
205 2089 402 2147 soporiferumque
409 2101 515 2147 papaver.

57 2161 258 2219 ninibusproruittit
266 2161 353 2205 solvere
360 2164 460 2209 mentes.

57 2235 88 2276 ast
96 2231 144 2276 aliis
153 2231 220 2276 duras
229 2233 352 2277 immittere
360 2242 437 2280 curas:

57 2315 83 2346 m
91 2302 176 2354 fluviis,
187 2306 211 2349 et
218 2306 308 2348 vertere
315 2302 389 2346 sidera
396 2305 468 2351 tetros

57 2388 83 2419 nc
90 2377 135 2420 ciet
142 2378 227 2426 llanes;
237 2374 326 2430 mugire
332 2374 418 2419 videbis

57 2458 62 2488 s
71 2449 154 2489 terrani
163 2478 168 2495 ,
177 2449 200 2489 ct
207 2445 343 2489 descendere
353 2443 466 2487 montibus
474 2455 549 2487 ornos.

57 2528 80 2570 a,
89 2514 154 2566 deos,
165 2518 188 2560 ct
198 2519 219 2559 te
228 2547 234 2564 ‚
243 2526 350 2570 germana
360 2548 365 2565 ,
375 2518 484 2569 tuumque
