1666 2964
12 397 46 440 8⁴
262 396 346 437 utuuu
361 397 411 438 xil.
629 397 674 441 27&

10 488 95 529 tur-sus
103 483 127 526 in
136 483 219 538 aurigae
228 480 307 528 taciem
315 485 400 526 mutata
409 482 496 527 iteum·

10 552 139 603 eromrrit.
149 551 256 607 iratrique
264 563 341 598 ensem
349 552 391 596 dra
398 553 487 596 Daunia
493 551 581 597 redditr

10 623 76 679 Juud
85 626 162 669 Venus
169 622 247 667 audaci
258 622 365 678 Nympha
373 623 488 676 indignata
497 623 577 673 licere,

10 694 124 744 moesus,
131 693 248 748 telumque
256 694 302 738 alta
310 692 338 737 ab
346 693 424 738 radice
432 693 527 738 revellit„

10 765 57 817 iili
63 764 173 810 sublimes
182 796 187 814 .
197 764 266 807 armis
275 764 401 820 animisque
409 762 501 808 reiecti.

10 837 52 881 {ic
61 834 140 891 giudic
149 833 234 886 fidens,
243 835 281 880 iric
288 845 340 880 acer
352 838 376 879 et
385 834 470 879 arduus
477 832 555 883 husu.

10 908 132 952 edesium
139 910 218 952 contre
227 907 352 951 certamine
360 908 437 951 Mariis
446 906 529 951 auueii.

34 982 154 1023 Juuouem
162 978 250 1023 interea
260 988 299 1021 rex
307 978 471 1032 omnipotentis
477 976 570 1033 olympi

10 1049 156 1104 udtoquuur.
167 1047 229 1092 iuiva
238 1058 324 1102 pugnas
332 1047 361 1093 de
370 1048 431 1093 nube
440 1050 555 1092 tuentem:

10 1139 16 1163 ι
24 1122 141 1179 Quaejam
145 1119 195 1163 duis
204 1120 255 1173 erit,
265 1120 362 1173 conjux?
368 1118 424 1175 quid
430 1117 527 1173 denique
535 1120 620 1164 restat?

10 1192 140 1247 indigetem
147 1194 232 1235 AEueau
242 1190 283 1233 scis
291 1191 351 1246 ipsa,
359 1194 382 1234 et
388 1189 447 1233 scire
456 1186 545 1237 taum.

10 1263 95 1309 Deberi
103 1262 175 1311 culo,
188 1261 284 1318 ratisque
292 1261 320 1306 ad
327 1260 402 1306 sidera
412 1260 461 1305 tolli
472 1277 478 1303 ι

10 1335 73 1389 Quid
80 1335 165 1379 struis?
175 1338 215 1378 aut
223 1344 268 1389 qua
277 1344 315 1389 spe
323 1332 402 1388 gelidis
408 1332 433 1374 iu
441 1331 538 1377 nubibus
544 1331 634 1378 heres?

10 1404 124 1449 Mortalin·
130 1404 207 1449 decuit
216 1402 296 1446 violari
303 1403 397 1447 vulnere
403 1401 500 1445 dirum?

12 1476 62 1519 Aut
69 1484 143 1519 ensem
152 1473 216 1529 (quid
222 1473 283 1519 euim
289 1474 339 1519 sine
345 1476 369 1518 te
376 1476 474 1518 iuturua
480 1472 594 1525 valeretii

13 1547 127 1601 Ereptum
135 1544 199 1589 reddi
209 1547 300 1591 Turne.
311 1544 389 1589 civim
396 1554 498 1588 crescere
507 1544 589 1588 victis?

10 1615 150 1670 liesinejam
156 1613 261 1669 tandem,
271 1614 421 1671 precibusque
430 1613 546 1660 inflectere
554 1617 650 1664 uostris:

11 1688 63 1730 Nec
71 1688 95 1730 te
101 1688 177 1731 tantus
183 1686 236 1730 edat
242 1686 334 1730 tacitam
342 1684 414 1733 detur.
425 1689 449 1730 et
457 1686 513 1729 mihi
522 1696 583 1729 cure

10 1760 77 1812 seue
83 1762 125 1800 tue
131 1754 190 1800 dulci
199 1756 273 1801 tristes
281 1768 308 1800 er
314 1767 354 1801 ore
360 1758 487 1801 recurserat.

10 1825 148 1872 verriumrrd
155 1837 286 1884 supremum
292 1830 334 1872 est.
344 1825 635 1882 rerumquererumque
645 1857 651 1874 .

10 1896 126 1950 Troianos
134 1894 615 1952 potuisti,iniaudumadceuderebeiiuur,
707 1917 709 1921 .

12 1964 149 2012 neiurmure
157 1966 265 2015 domum.
277 1966 371 2011 etluctu
380 1964 475 2011 miscere
484 1964 626 2020 irymeuaeusr

12 2038 115 2084 Ulterius
123 2039 211 2082 tentare
218 2038 278 2082 reto.
288 2036 344 2081 »Sic
351 2036 458 2092 iuppiter
467 2047 530 2080 orsus
541 2051 548 2077 ι

12 2112 54 2155 sic
62 2109 224 2154 deamuruiuo
231 2110 311 2152 centra
320 2107 425 2152 saturnia
434 2107 500 2151 vultu
510 2122 517 2149 ι

14 2198 25 2223 ι
36 2178 185 2235 istaquidem
194 2178 246 2235 quia
253 2182 308 2223 uota
317 2178 374 2222 mihi
383 2181 422 2222 tua
429 2208 435 2228 .
443 2187 537 2232 magne,
548 2177 666 2228 sciuntur,

12 2251 123 2309 iuppiter
130 2265 137 2300 r
145 2253 275 2295 etiumum
282 2253 305 2293 et
312 2252 383 2294 terras
392 2248 463 2292 indu
469 2247 558 2303 reliqui.

12 2323 96 2367 Necte
104 2331 141 2365 me
148 2320 208 2363 adria
216 2319 286 2364 seiam
293 2331 356 2364 nuuc
364 2319 416 2364 sede
424 2318 512 2363 videres

12 2393 92 2448 Digna
98 2389 191 2446 indigua
201 2390 260 2447 path
270 2389 309 2434 sed
318 2388 413 2434 dammis
421 2390 496 2434 cincta
504 2389 546 2434 sub
553 2388 626 2446 ipsam

10 2470 104 2510 suarem
111 2463 191 2511 aciem.
199 2460 455 2518 traheremqueiuimica
461 2461 566 2516 inpraeiia
573 2464 684 2507 Teucrus

10 2537 141 2582 intumum
147 2532 242 2584 uisere,
250 2530 331 2580 tricor,
338 2542 470 2578 succurrere
480 2529 542 2575 tratri

577 2629 604 2669 it
