1666 2964
136 538 166 580 se
319 540 346 581 e.
360 540 477 583 uuuscu
491 541 621 583 usuouss

220 611 661 675 mummoseuipueumnmuoes.

160 742 269 793 Hes-sdes
283 742 342 792 fecit
356 757 387 792 ex
397 742 499 794 dimidie
509 746 580 806 perte
589 744 718 794 Valerium
733 745 799 797 Pru-

133 822 232 881 culum,
242 823 347 873 matrem
366 836 396 872 ex
413 823 463 872 sliu
477 825 561 885 patrm
582 837 610 874 ex
628 823 731 885 reliquis
747 825 799 876 Au-

132 902 250 963 gustum,
266 902 440 958 Meoenacem,
459 901 491 951 L.
510 903 628 958 Verium,
645 903 670 952 et
687 902 799 954 Plotium

132 981 253 1040 Tuccam,
263 981 307 1043 qui
315 979 367 1043 ejus
375 983 431 1044 post
440 981 537 1030 obitum
542 981 682 1038 AEneidem,
694 983 800 1033 sublatis

133 1062 231 1110 tentum
246 1060 341 1124 uuquct
354 1060 481 1120 versibus,
495 1062 563 1134 nullo
573 1061 669 1118 addito,
680 1063 799 1112 emende-

134 1142 235 1190 verunt.

164 1219 202 1269 De
214 1220 317 1271 consilio
332 1221 470 1270 cremandus
487 1220 619 1276 AEneidos,
631 1221 728 1270 exstent
738 1219 799 1272 Sul·
818 1213 822 1219 ’

134 1298 190 1360 pitii
208 1299 421 1377 Carthaginiensis
445 1314 543 1357 versus,
565 1313 674 1363 quorum
696 1300 800 1352 initium

132 1379 189 1429 est:

199 1497 288 1536 iusserat
297 1497 339 1537 huc
346 1498 423 1546 rapidis
428 1498 505 1538 aboleri
512 1498 601 1537 enemim
610 1498 700 1537 flammis
713 1516 725 1550 .'

201 1557 308 1607 Virgilius,
316 1562 354 1599 etc.

166 1671 235 1734 Quin
245 1675 270 1723 et
279 1673 329 1735 ipsi
338 1677 462 1738 Augusto,
475 1688 527 1725 non
536 1676 596 1725 setis
604 1678 671 1726 certe
679 1675 742 1733 tide,
753 1676 811 1726 tri:

135 1751 248 1802 buuntm
257 1754 299 1803 elii
309 1755 404 1815 plures,
416 1757 463 1806 hoc
473 1755 573 1805 exordio
585 1772 592 1804 ε

201 1886 278 1932 Ergone
284 1886 452 1934 supremispctuit
458 1897 494 1927 vex
500 1887 592 1934 improbe
600 1883 666 1924 verbis

201 1949 250 1986 'rem
257 1946 326 1986 dirum
333 1948 428 1988 msndsre
438 1950 503 1995 netes,
511 1951 549 1988 etc.

166 2060 253 2112 Fuisse
261 2062 371 2113 traditur
379 2064 472 2112 stature
478 2061 576 2125 grandi,
583 2059 692 2122 aquilino
701 2060 797 2117 colore,

137 2138 200 2188 facie
212 2141 352 2199 rusticane,
364 2141 504 2192 valetudine
513 2139 592 2196 veris,
604 2151 682 2200 quum
690 2139 800 2200 pierum-

136 2230 185 2278 que
194 2221 334 2277 stomacho,
345 2220 458 2271 saucibus
467 2233 497 2269 sc
509 2218 595 2268 dolore
604 2217 690 2279 capitis
699 2219 797 2267 labors-

136 2296 187 2352 ret,
199 2299 346 2360 sanguinem
354 2299 428 2349 etiam
439 2298 528 2360 sepius
543 2297 655 2359 ejiceret;
667 2296 717 2346 eibi
734 2297 800 2347 viui-

136 2386 185 2435 que
193 2376 362 2437 parcissimus.
372 2378 484 2428 Possedit
494 2377 545 2427 fere
555 2376 647 2426 centies
657 2376 801 2425 sestertium

136 2453 742 2518 eximiticnibusamicorum3hubuitquedcmum
748 2456 800 2505 Ro·

138 2544 185 2581 mae
196 2533 222 2582 in
240 2535 355 2598 Esquiliis
371 2535 439 2597 iuxta
450 2536 535 2584 hortos
547 2535 700 2591 Maecenstis,
720 2548 801 2597 qusn-

135 2613 802 2678 qusmsccessuGampsuiaeSiciliaequepiurimumutc-

138 2691 220 2744 hatur.
