<?xml version="1.0" encoding="UTF-8"?>
<!DOCTYPE html PUBLIC "-//W3C//DTD XHTML 1.0 Transitional//EN"
    "http://www.w3.org/TR/xhtml1/DTD/xhtml1-transitional.dtd">
<html xmlns="http://www.w3.org/1999/xhtml" xml:lang="en" lang="en">
 <head>
  <title>
</title>
<meta http-equiv="Content-Type" content="text/html;charset=utf-8" />
  <meta name='ocr-system' content='tesseract 3.04.00' />
  <meta name='ocr-capabilities' content='ocr_page ocr_carea ocr_par ocr_line ocrx_word'/>
</head>
<body>
  <div class='ocr_page' id='page_1' title='image "./publiivirgiliim00rivigoog/publiivirgiliim00rivigoog_0131.png"; bbox 0 0 1666 2964; ppageno 0'>
   <div class='ocr_carea' id='block_1_1' title="bbox 196 202 606 243">
    <p class='ocr_par' dir='ltr' id='par_1_1' title="bbox 196 202 606 243">
     <span class='ocr_line' id='line_1_1' title="bbox 196 202 606 243; baseline -0.002 -1"><span class='ocrx_word' id='word_1_1' title='bbox 196 204 234 243; x_wconf 66' lang='grc' dir='ltr'>ΗΓ)</span> <span class='ocrx_word' id='word_1_2' title='bbox 441 202 606 242; x_wconf 65' lang='lat' dir='ltr'>‹ituitulcon&#39;</span> 
     </span>
    </p>
   </div>
   <div class='ocr_carea' id='block_1_2' title="bbox 194 285 824 2394">
    <p class='ocr_par' dir='ltr' id='par_1_2' title="bbox 194 285 824 2394">
     <span class='ocr_line' id='line_1_2' title="bbox 194 285 734 343; baseline -0.004 -12"><span class='ocrx_word' id='word_1_3' title='bbox 194 292 256 332; x_wconf 91' lang='lat' dir='ltr'>iuter</span> <span class='ocrx_word' id='word_1_4' title='bbox 264 298 404 343; x_wconf 78' lang='lat' dir='ltr'>quuscuuun</span> <span class='ocrx_word' id='word_1_5' title='bbox 411 288 518 342; x_wconf 78' lang='lat' dir='ltr'>Clymene</span> <span class='ocrx_word' id='word_1_6' title='bbox 528 287 634 331; x_wconf 79' lang='lat' dir='ltr'>narrabat</span> <span class='ocrx_word' id='word_1_7' title='bbox 644 285 734 330; x_wconf 83' lang='lat' dir='ltr'>iunuem</span> 
     </span>
     <span class='ocr_line' id='line_1_3' title="bbox 196 356 708 414; baseline 0.004 -15"><span class='ocrx_word' id='word_1_8' title='bbox 196 358 303 412; x_wconf 77' lang='lat' dir='ltr'>vulcani,</span> <span class='ocrx_word' id='word_1_9' title='bbox 312 359 434 414; x_wconf 83' lang='lat' dir='ltr'>tinctisque</span> <span class='ocrx_word' id='word_1_10' title='bbox 443 358 509 403; x_wconf 86' lang='lat' dir='ltr'>dolos</span> <span class='ocrx_word' id='word_1_11' title='bbox 519 361 543 402; x_wconf 86' lang='lat' dir='ltr'>et</span> <span class='ocrx_word' id='word_1_12' title='bbox 552 357 627 403; x_wconf 81' lang='lat' dir='ltr'>dulcia</span> <span class='ocrx_word' id='word_1_13' title='bbox 635 356 708 408; x_wconf 65' lang='lat' dir='ltr'>turim</span> 
     </span>
     <span class='ocr_line' id='line_1_4' title="bbox 197 427 763 486; baseline -0.007 -13"><span class='ocrx_word' id='word_1_14' title='bbox 197 433 272 486; x_wconf 81' lang='lat' dir='ltr'>Atque</span> <span class='ocrx_word' id='word_1_15' title='bbox 280 428 343 473; x_wconf 80' lang='lat' dir='ltr'>cisae</span> <span class='ocrx_word' id='word_1_16' title='bbox 352 427 517 473; x_wconf 81' lang='lat' dir='ltr'>demosutrum</span> <span class='ocrx_word' id='word_1_17' title='bbox 523 429 657 472; x_wconf 75' lang='lat' dir='ltr'>numerabat</span> <span class='ocrx_word' id='word_1_18' title='bbox 666 438 763 472; x_wconf 78' lang='lat' dir='ltr'>emeres.</span> 
     </span>
     <span class='ocr_line' id='line_1_5' title="bbox 195 496 739 557; baseline 0.002 -15"><span class='ocrx_word' id='word_1_19' title='bbox 195 500 302 544; x_wconf 82' lang='lat' dir='ltr'>carmine</span> <span class='ocrx_word' id='word_1_20' title='bbox 309 511 355 557; x_wconf 89' lang='lat' dir='ltr'>quo</span> <span class='ocrx_word' id='word_1_21' title='bbox 362 503 446 556; x_wconf 79' lang='lat' dir='ltr'>eapte,</span> <span class='ocrx_word' id='word_1_22' title='bbox 457 496 512 542; x_wconf 88' lang='lat' dir='ltr'>dum</span> <span class='ocrx_word' id='word_1_23' title='bbox 521 497 575 543; x_wconf 84' lang='lat' dir='ltr'>tusis</span> <span class='ocrx_word' id='word_1_24' title='bbox 585 497 662 543; x_wconf 86' lang='lat' dir='ltr'>mollia</span> <span class='ocrx_word' id='word_1_25' title='bbox 670 508 739 555; x_wconf 78' lang='lat' dir='ltr'>pense</span> 
     </span>
     <span class='ocr_line' id='line_1_6' title="bbox 197 569 721 626; baseline -0.004 -11"><span class='ocrx_word' id='word_1_26' title='bbox 197 571 337 623; x_wconf 82' lang='lat' dir='ltr'>Deroimnt.</span> <span class='ocrx_word' id='word_1_27' title='bbox 348 573 430 616; x_wconf 85' lang='lat' dir='ltr'>itemm</span> <span class='ocrx_word' id='word_1_28' title='bbox 437 574 550 614; x_wconf 79' lang='lat' dir='ltr'>maternas</span> <span class='ocrx_word' id='word_1_29' title='bbox 557 569 646 626; x_wconf 82' lang='lat' dir='ltr'>impulit</span> <span class='ocrx_word' id='word_1_30' title='bbox 654 579 721 613; x_wconf 79' lang='lat' dir='ltr'>sures</span> 
     </span>
     <span class='ocr_line' id='line_1_7' title="bbox 197 639 726 696; baseline -0.002 -11"><span class='ocrx_word' id='word_1_31' title='bbox 197 645 282 687; x_wconf 83' lang='lat' dir='ltr'>Luctus</span> <span class='ocrx_word' id='word_1_32' title='bbox 290 642 391 693; x_wconf 64' lang='lat' dir='ltr'>Aristaei,</span> <span class='ocrx_word' id='word_1_33' title='bbox 402 640 523 696; x_wconf 76' lang='lat' dir='ltr'>vitreisque</span> <span class='ocrx_word' id='word_1_34' title='bbox 535 639 640 686; x_wconf 87' lang='lat' dir='ltr'>sedilibus</span> <span class='ocrx_word' id='word_1_35' title='bbox 647 650 726 684; x_wconf 87' lang='lat' dir='ltr'>omnes</span> 
     </span>
     <span class='ocr_line' id='line_1_8' title="bbox 197 711 740 771; baseline 0.004 -17"><span class='ocrx_word' id='word_1_36' title='bbox 197 712 351 771; x_wconf 63' lang='lat' dir='ltr'>obstupuere:</span> <span class='ocrx_word' id='word_1_37' title='bbox 361 711 400 757; x_wconf 88' lang='lat' dir='ltr'>sed</span> <span class='ocrx_word' id='word_1_38' title='bbox 407 717 461 756; x_wconf 76' lang='lat' dir='ltr'>ante</span> <span class='ocrx_word' id='word_1_39' title='bbox 468 712 521 756; x_wconf 82' lang='lat' dir='ltr'>alias</span> <span class='ocrx_word' id='word_1_40' title='bbox 531 711 644 757; x_wconf 77' lang='lat' dir='ltr'>Arethusa</span> <span class='ocrx_word' id='word_1_41' title='bbox 649 723 740 756; x_wconf 86' lang='lat' dir='ltr'>soreres</span> 
     </span>
     <span class='ocr_line' id='line_1_9' title="bbox 197 781 786 841; baseline -0.003 -14"><span class='ocrx_word' id='word_1_42' title='bbox 197 783 348 841; x_wconf 73' lang='lat' dir='ltr'>prospiciens,</span> <span class='ocrx_word' id='word_1_43' title='bbox 357 794 444 828; x_wconf 80' lang='lat' dir='ltr'>summa</span> <span class='ocrx_word' id='word_1_44' title='bbox 453 781 538 827; x_wconf 81' lang='lat' dir='ltr'>iterum</span> <span class='ocrx_word' id='word_1_45' title='bbox 546 783 618 841; x_wconf 80' lang='lat' dir='ltr'>caput</span> <span class='ocrx_word' id='word_1_46' title='bbox 623 782 706 826; x_wconf 81' lang='lat' dir='ltr'>extulit</span> <span class='ocrx_word' id='word_1_47' title='bbox 714 781 786 826; x_wconf 78' lang='lat' dir='ltr'>unde.</span> 
     </span>
     <span class='ocr_line' id='line_1_10' title="bbox 197 851 824 912; baseline -0.005 -13"><span class='ocrx_word' id='word_1_48' title='bbox 197 858 226 899; x_wconf 84' lang='lat' dir='ltr'>lit</span> <span class='ocrx_word' id='word_1_49' title='bbox 234 855 328 912; x_wconf 84' lang='lat' dir='ltr'>procui=</span> <span class='ocrx_word' id='word_1_50' title='bbox 339 866 349 893; x_wconf 74' lang='lat' dir='ltr'>s</span> <span class='ocrx_word' id='word_1_51' title='bbox 361 857 381 898; x_wconf 89' lang='lat'>0</span> <span class='ocrx_word' id='word_1_52' title='bbox 388 855 474 909; x_wconf 76' lang='lat' dir='ltr'>gemitu</span> <span class='ocrx_word' id='word_1_53' title='bbox 482 864 530 897; x_wconf 92' lang='lat' dir='ltr'>non</span> <span class='ocrx_word' id='word_1_54' title='bbox 540 851 623 898; x_wconf 82' lang='lat' dir='ltr'>trustra</span> <span class='ocrx_word' id='word_1_55' title='bbox 630 852 737 897; x_wconf 81' lang='lat' dir='ltr'>exterrita</span> <span class='ocrx_word' id='word_1_56' title='bbox 747 855 824 902; x_wconf 71' lang='lat' dir='ltr'>miste.</span> 
     </span>
     <span class='ocr_line' id='line_1_11' title="bbox 198 926 727 989; baseline -0.004 -20"><span class='ocrx_word' id='word_1_57' title='bbox 198 931 288 982; x_wconf 75' lang='lat' dir='ltr'>cyrene</span> <span class='ocrx_word' id='word_1_58' title='bbox 296 937 374 978; x_wconf 87' lang='lat' dir='ltr'>soror,</span> <span class='ocrx_word' id='word_1_59' title='bbox 383 927 431 983; x_wconf 89' lang='lat' dir='ltr'>ipse</span> <span class='ocrx_word' id='word_1_60' title='bbox 440 926 495 989; x_wconf 81' lang='lat' dir='ltr'>tibi,</span> <span class='ocrx_word' id='word_1_61' title='bbox 505 929 545 970; x_wconf 81' lang='lat' dir='ltr'>tua</span> <span class='ocrx_word' id='word_1_62' title='bbox 553 927 650 970; x_wconf 79' lang='lat' dir='ltr'>maxima</span> <span class='ocrx_word' id='word_1_63' title='bbox 658 934 727 974; x_wconf 77' lang='lat' dir='ltr'>cura.</span> 
     </span>
     <span class='ocr_line' id='line_1_12' title="bbox 198 995 721 1052; baseline 0 -12"><span class='ocrx_word' id='word_1_64' title='bbox 198 997 277 1042; x_wconf 71' lang='lat' dir='ltr'>cristis</span> <span class='ocrx_word' id='word_1_65' title='bbox 286 998 395 1042; x_wconf 76' lang='lat' dir='ltr'>¹rtristuus</span> <span class='ocrx_word' id='word_1_66' title='bbox 400 998 471 1043; x_wconf 89' lang='lat' dir='ltr'>Penei</span> <span class='ocrx_word' id='word_1_67' title='bbox 480 997 589 1052; x_wconf 75' lang='lat' dir='ltr'>genitoris</span> <span class='ocrx_word' id='word_1_68' title='bbox 598 996 627 1041; x_wconf 82' lang='lat' dir='ltr'>ad</span> <span class='ocrx_word' id='word_1_69' title='bbox 634 995 721 1042; x_wconf 85' lang='lat' dir='ltr'>undam</span> 
     </span>
     <span class='ocr_line' id='line_1_13' title="bbox 199 1065 772 1124; baseline -0.007 -12"><span class='ocrx_word' id='word_1_70' title='bbox 199 1070 247 1112; x_wconf 83' lang='lat' dir='ltr'>stat</span> <span class='ocrx_word' id='word_1_71' title='bbox 255 1069 392 1124; x_wconf 74' lang='lat' dir='ltr'>lacrymans.</span> <span class='ocrx_word' id='word_1_72' title='bbox 402 1071 425 1112; x_wconf 93' lang='lat' dir='ltr'>et</span> <span class='ocrx_word' id='word_1_73' title='bbox 433 1071 455 1113; x_wconf 90' lang='lat' dir='ltr'>te</span> <span class='ocrx_word' id='word_1_74' title='bbox 464 1067 578 1113; x_wconf 79' lang='lat' dir='ltr'>crudelem</span> <span class='ocrx_word' id='word_1_75' title='bbox 586 1066 679 1112; x_wconf 89' lang='lat' dir='ltr'>numine</span> <span class='ocrx_word' id='word_1_76' title='bbox 688 1065 753 1110; x_wconf 86' lang='lat' dir='ltr'>dicit.</span> <span class='ocrx_word' id='word_1_77' title='bbox 763 1082 772 1107; x_wconf 80' lang='grc' dir='ltr'>ι</span> 
     </span>
     <span class='ocr_line' id='line_1_14' title="bbox 224 1137 810 1196; baseline 0 -14"><span class='ocrx_word' id='word_1_78' title='bbox 224 1138 286 1184; x_wconf 84' lang='lat' dir='ltr'>iiuic</span> <span class='ocrx_word' id='word_1_79' title='bbox 292 1149 396 1196; x_wconf 77' lang='lat' dir='ltr'>percussa</span> <span class='ocrx_word' id='word_1_80' title='bbox 410 1149 469 1183; x_wconf 80' lang='lat' dir='ltr'>nuta</span> <span class='ocrx_word' id='word_1_81' title='bbox 478 1142 580 1184; x_wconf 83' lang='lat' dir='ltr'>mentem</span> <span class='ocrx_word' id='word_1_82' title='bbox 589 1137 712 1184; x_wconf 83' lang='lat' dir='ltr'>tormidine</span> <span class='ocrx_word' id='word_1_83' title='bbox 721 1144 810 1190; x_wconf 78' lang='lat' dir='ltr'>mater,</span> 
     </span>
     <span class='ocr_line' id='line_1_15' title="bbox 201 1208 762 1266; baseline 0.007 -18"><span class='ocrx_word' id='word_1_84' title='bbox 201 1224 211 1248; x_wconf 74' lang='grc' dir='ltr'>ι</span> <span class='ocrx_word' id='word_1_85' title='bbox 223 1212 285 1260; x_wconf 80' lang='lat' dir='ltr'>Duc,</span> <span class='ocrx_word' id='word_1_86' title='bbox 296 1221 350 1266; x_wconf 77' lang='lat' dir='ltr'>ege.</span> <span class='ocrx_word' id='word_1_87' title='bbox 359 1210 405 1256; x_wconf 87' lang='lat' dir='ltr'>duc</span> <span class='ocrx_word' id='word_1_88' title='bbox 413 1210 441 1254; x_wconf 82' lang='lat' dir='ltr'>ud</span> <span class='ocrx_word' id='word_1_89' title='bbox 450 1221 504 1261; x_wconf 63' lang='lat' dir='ltr'>nos:</span> <span class='ocrx_word' id='word_1_90' title='bbox 513 1208 546 1255; x_wconf 84' lang='lat' dir='ltr'>ias</span> <span class='ocrx_word' id='word_1_91' title='bbox 554 1210 587 1254; x_wconf 92' lang='lat' dir='ltr'>ilii</span> <span class='ocrx_word' id='word_1_92' title='bbox 596 1208 673 1254; x_wconf 82' lang='lat' dir='ltr'>iimina</span> <span class='ocrx_word' id='word_1_93' title='bbox 682 1208 762 1253; x_wconf 84' lang='lat' dir='ltr'>divum</span> 
     </span>
     <span class='ocr_line' id='line_1_16' title="bbox 200 1272 770 1336; baseline 0.002 -14"><span class='ocrx_word' id='word_1_94' title='bbox 200 1283 314 1335; x_wconf 77' lang='lat' dir='ltr'>tangere.</span> <span class='ocrx_word' id='word_1_95' title='bbox 324 1281 364 1325; x_wconf 85' lang='lat' dir='ltr'>ait.</span> <span class='ocrx_word' id='word_1_96' title='bbox 373 1296 382 1321; x_wconf 77' lang='lat' dir='ltr'>s</span> <span class='ocrx_word' id='word_1_97' title='bbox 396 1281 466 1324; x_wconf 83' lang='lat' dir='ltr'>Simul</span> <span class='ocrx_word' id='word_1_98' title='bbox 475 1281 520 1325; x_wconf 79' lang='lat' dir='ltr'>sita</span> <span class='ocrx_word' id='word_1_99' title='bbox 526 1282 591 1336; x_wconf 73' lang='lat' dir='ltr'>jubet</span> <span class='ocrx_word' id='word_1_100' title='bbox 597 1272 715 1325; x_wconf 76' lang='lat' dir='ltr'>discedere</span> <span class='ocrx_word' id='word_1_101' title='bbox 724 1281 770 1324; x_wconf 83' lang='lat' dir='ltr'>iate</span> 
     </span>
     <span class='ocr_line' id='line_1_17' title="bbox 200 1350 790 1409; baseline 0 -15"><span class='ocrx_word' id='word_1_102' title='bbox 200 1352 318 1402; x_wconf 81' lang='lat' dir='ltr'>Flumina,</span> <span class='ocrx_word' id='word_1_103' title='bbox 328 1352 468 1409; x_wconf 78' lang='lat' dir='ltr'>quujuvenis</span> <span class='ocrx_word' id='word_1_104' title='bbox 477 1363 564 1407; x_wconf 79' lang='lat' dir='ltr'>gressus</span> <span class='ocrx_word' id='word_1_105' title='bbox 574 1350 677 1397; x_wconf 82' lang='lat' dir='ltr'>interret.</span> <span class='ocrx_word' id='word_1_106' title='bbox 688 1353 715 1394; x_wconf 77' lang='lat' dir='ltr'>st</span> <span class='ocrx_word' id='word_1_107' title='bbox 724 1351 790 1395; x_wconf 86' lang='lat' dir='ltr'>ilium</span> 
     </span>
     <span class='ocr_line' id='line_1_18' title="bbox 200 1422 749 1476; baseline -0.002 -10"><span class='ocrx_word' id='word_1_108' title='bbox 200 1426 299 1467; x_wconf 77' lang='lat' dir='ltr'>curvata</span> <span class='ocrx_word' id='word_1_109' title='bbox 307 1423 333 1466; x_wconf 89' lang='lat' dir='ltr'>in</span> <span class='ocrx_word' id='word_1_110' title='bbox 342 1423 425 1467; x_wconf 87' lang='lat' dir='ltr'>montis</span> <span class='ocrx_word' id='word_1_111' title='bbox 434 1422 513 1468; x_wconf 82' lang='lat' dir='ltr'>taciem</span> <span class='ocrx_word' id='word_1_112' title='bbox 523 1423 670 1469; x_wconf 77' lang='lat' dir='ltr'>circumstetit</span> <span class='ocrx_word' id='word_1_113' title='bbox 678 1422 749 1476; x_wconf 81' lang='lat' dir='ltr'>unda,</span> 
     </span>
     <span class='ocr_line' id='line_1_19' title="bbox 200 1492 761 1551; baseline 0.002 -15"><span class='ocrx_word' id='word_1_114' title='bbox 200 1492 340 1551; x_wconf 78' lang='lat' dir='ltr'>Adcepiique</span> <span class='ocrx_word' id='word_1_115' title='bbox 347 1493 398 1538; x_wconf 90' lang='lat' dir='ltr'>sinu</span> <span class='ocrx_word' id='word_1_116' title='bbox 408 1496 483 1542; x_wconf 82' lang='lat' dir='ltr'>ruste.</span> <span class='ocrx_word' id='word_1_117' title='bbox 494 1493 601 1550; x_wconf 79' lang='lat' dir='ltr'>misitque</span> <span class='ocrx_word' id='word_1_118' title='bbox 612 1492 654 1537; x_wconf 88' lang='lat' dir='ltr'>sub</span> <span class='ocrx_word' id='word_1_119' title='bbox 662 1503 761 1537; x_wconf 83' lang='lat' dir='ltr'>amnem.</span> 
     </span>
     <span class='ocr_line' id='line_1_20' title="bbox 200 1561 821 1625; baseline 0.002 -21"><span class='ocrx_word' id='word_1_120' title='bbox 200 1565 296 1618; x_wconf 67' lang='lat' dir='ltr'>iamque</span> <span class='ocrx_word' id='word_1_121' title='bbox 305 1561 399 1607; x_wconf 80' lang='lat' dir='ltr'>domum</span> <span class='ocrx_word' id='word_1_122' title='bbox 407 1563 492 1606; x_wconf 77' lang='lat' dir='ltr'>mirans</span> <span class='ocrx_word' id='word_1_123' title='bbox 504 1563 630 1617; x_wconf 80' lang='lat' dir='ltr'>genitricis,</span> <span class='ocrx_word' id='word_1_124' title='bbox 641 1565 664 1605; x_wconf 74' lang='lat' dir='ltr'>et</span> <span class='ocrx_word' id='word_1_125' title='bbox 676 1561 771 1605; x_wconf 78' lang='lat' dir='ltr'>lmmiun</span> <span class='ocrx_word' id='word_1_126' title='bbox 780 1571 821 1625; x_wconf 77' lang='lat' dir='ltr'>reg</span> 
     </span>
     <span class='ocr_line' id='line_1_21' title="bbox 200 1632 783 1690; baseline 0.002 -15"><span class='ocrx_word' id='word_1_127' title='bbox 200 1632 360 1690; x_wconf 80' lang='lat' dir='ltr'>speluncisque</span> <span class='ocrx_word' id='word_1_128' title='bbox 366 1633 428 1677; x_wconf 84' lang='lat' dir='ltr'>lacus</span> <span class='ocrx_word' id='word_1_129' title='bbox 436 1634 534 1683; x_wconf 80' lang='lat' dir='ltr'>clamos.</span> <span class='ocrx_word' id='word_1_130' title='bbox 543 1634 653 1688; x_wconf 86' lang='lat' dir='ltr'>lucosque</span> <span class='ocrx_word' id='word_1_131' title='bbox 662 1635 783 1681; x_wconf 73' lang='lat' dir='ltr'>sonantes,</span> 
     </span>
     <span class='ocr_line' id='line_1_22' title="bbox 201 1702 749 1759; baseline 0.002 -15"><span class='ocrx_word' id='word_1_132' title='bbox 201 1703 261 1753; x_wconf 82' lang='lat' dir='ltr'>ibat,</span> <span class='ocrx_word' id='word_1_133' title='bbox 272 1707 306 1754; x_wconf 83' lang='lat' dir='ltr'>et.</span> <span class='ocrx_word' id='word_1_134' title='bbox 317 1703 403 1759; x_wconf 77' lang='lat' dir='ltr'>ingenti</span> <span class='ocrx_word' id='word_1_135' title='bbox 411 1706 475 1747; x_wconf 87' lang='lat' dir='ltr'>motu</span> <span class='ocrx_word' id='word_1_136' title='bbox 482 1702 621 1759; x_wconf 83' lang='lat' dir='ltr'>stupefactus</span> <span class='ocrx_word' id='word_1_137' title='bbox 627 1713 749 1758; x_wconf 79' lang='lat' dir='ltr'>aquarum.</span> 
     </span>
     <span class='ocr_line' id='line_1_23' title="bbox 201 1770 705 1828; baseline 0.004 -14"><span class='ocrx_word' id='word_1_138' title='bbox 201 1774 281 1818; x_wconf 82' lang='lat' dir='ltr'>omnis</span> <span class='ocrx_word' id='word_1_139' title='bbox 291 1773 333 1817; x_wconf 77' lang='lat' dir='ltr'>suli</span> <span class='ocrx_word' id='word_1_140' title='bbox 342 1784 424 1828; x_wconf 69' lang='lat' dir='ltr'>magau</span> <span class='ocrx_word' id='word_1_141' title='bbox 435 1773 533 1819; x_wconf 78' lang='lat' dir='ltr'>tabentis</span> <span class='ocrx_word' id='word_1_142' title='bbox 542 1770 634 1817; x_wconf 79' lang='lat' dir='ltr'>ilumiua</span> <span class='ocrx_word' id='word_1_143' title='bbox 645 1777 705 1817; x_wconf 81' lang='lat' dir='ltr'>terra</span> 
     </span>
     <span class='ocr_line' id='line_1_24' title="bbox 201 1842 799 1899; baseline 0.002 -13"><span class='ocrx_word' id='word_1_144' title='bbox 201 1844 319 1898; x_wconf 69' lang='lat' dir='ltr'>spectabat</span> <span class='ocrx_word' id='word_1_145' title='bbox 326 1842 415 1888; x_wconf 83' lang='lat' dir='ltr'>diversa</span> <span class='ocrx_word' id='word_1_146' title='bbox 421 1843 487 1893; x_wconf 84' lang='lat' dir='ltr'>lucis.</span> <span class='ocrx_word' id='word_1_147' title='bbox 499 1843 644 1899; x_wconf 81' lang='lat' dir='ltr'>Phasimque,</span> <span class='ocrx_word' id='word_1_148' title='bbox 653 1845 799 1898; x_wconf 72' lang='lat' dir='ltr'>Lycumque,</span> 
     </span>
     <span class='ocr_line' id='line_1_25' title="bbox 200 1912 814 1970; baseline -0.002 -15"><span class='ocrx_word' id='word_1_149' title='bbox 200 1915 229 1955; x_wconf 82' lang='lat' dir='ltr'>Et</span> <span class='ocrx_word' id='word_1_150' title='bbox 237 1917 312 1968; x_wconf 82' lang='lat' dir='ltr'>caput,</span> <span class='ocrx_word' id='word_1_151' title='bbox 320 1913 381 1959; x_wconf 84' lang='lat' dir='ltr'>unde</span> <span class='ocrx_word' id='word_1_152' title='bbox 390 1913 447 1959; x_wconf 83' lang='lat' dir='ltr'>attus</span> <span class='ocrx_word' id='word_1_153' title='bbox 454 1914 554 1969; x_wconf 88' lang='lat' dir='ltr'>primum</span> <span class='ocrx_word' id='word_1_154' title='bbox 563 1924 587 1958; x_wconf 86' lang='lat' dir='ltr'>se</span> <span class='ocrx_word' id='word_1_155' title='bbox 593 1912 693 1970; x_wconf 86' lang='lat' dir='ltr'>erumpit</span> <span class='ocrx_word' id='word_1_156' title='bbox 700 1912 741 1955; x_wconf 82' lang='lat' dir='ltr'>Eni</span> <span class='ocrx_word' id='word_1_157' title='bbox 745 1923 814 1968; x_wconf 72' lang='lat' dir='ltr'>pense</span> 
     </span>
     <span class='ocr_line' id='line_1_26' title="bbox 201 1981 777 2040; baseline -0.002 -14"><span class='ocrx_word' id='word_1_158' title='bbox 201 1983 266 2029; x_wconf 84' lang='lat' dir='ltr'>Unde</span> <span class='ocrx_word' id='word_1_159' title='bbox 275 1988 339 2040; x_wconf 81' lang='lat' dir='ltr'>pater</span> <span class='ocrx_word' id='word_1_160' title='bbox 345 1986 473 2038; x_wconf 79' lang='lat' dir='ltr'>Tiberinus,</span> <span class='ocrx_word' id='word_1_161' title='bbox 483 1984 574 2029; x_wconf 85' lang='lat' dir='ltr'>etunde</span> <span class='ocrx_word' id='word_1_162' title='bbox 582 1984 672 2030; x_wconf 79' lang='lat' dir='ltr'>Aniena</span> <span class='ocrx_word' id='word_1_163' title='bbox 679 1981 777 2032; x_wconf 74' lang='lat' dir='ltr'>iiueutn,</span> 
     </span>
     <span class='ocr_line' id='line_1_27' title="bbox 201 2055 785 2112; baseline 0.005 -14"><span class='ocrx_word' id='word_1_164' title='bbox 201 2058 350 2111; x_wconf 77' lang='lat' dir='ltr'>saxosumque</span> <span class='ocrx_word' id='word_1_165' title='bbox 357 2068 440 2110; x_wconf 79' lang='lat' dir='ltr'>sonans</span> <span class='ocrx_word' id='word_1_166' title='bbox 448 2057 556 2112; x_wconf 78' lang='lat' dir='ltr'>Hypanis.</span> <span class='ocrx_word' id='word_1_167' title='bbox 566 2059 686 2112; x_wconf 75' lang='lat' dir='ltr'>Mysusque</span> <span class='ocrx_word' id='word_1_168' title='bbox 693 2055 785 2101; x_wconf 79' lang='lat' dir='ltr'>caicus.</span> 
     </span>
     <span class='ocr_line' id='line_1_28' title="bbox 202 2124 692 2180; baseline 0.004 -12"><span class='ocrx_word' id='word_1_169' title='bbox 202 2128 230 2168; x_wconf 79' lang='lat' dir='ltr'>itt</span> <span class='ocrx_word' id='word_1_170' title='bbox 237 2127 326 2180; x_wconf 80' lang='lat' dir='ltr'>gemina</span> <span class='ocrx_word' id='word_1_171' title='bbox 335 2129 426 2172; x_wconf 82' lang='lat' dir='ltr'>auratus</span> <span class='ocrx_word' id='word_1_172' title='bbox 434 2127 524 2171; x_wconf 77' lang='lat' dir='ltr'>taurino</span> <span class='ocrx_word' id='word_1_173' title='bbox 531 2137 619 2171; x_wconf 83' lang='lat' dir='ltr'>cornua</span> <span class='ocrx_word' id='word_1_174' title='bbox 627 2124 692 2170; x_wconf 85' lang='lat' dir='ltr'>ruiiu</span> 
     </span>
     <span class='ocr_line' id='line_1_29' title="bbox 202 2192 720 2254; baseline 0 -15"><span class='ocrx_word' id='word_1_175' title='bbox 202 2192 327 2248; x_wconf 80' lang='lat' dir='ltr'>Eridanus,</span> <span class='ocrx_word' id='word_1_176' title='bbox 336 2209 381 2254; x_wconf 87' lang='lat' dir='ltr'>quo</span> <span class='ocrx_word' id='word_1_177' title='bbox 390 2208 438 2241; x_wconf 87' lang='lat' dir='ltr'>uon</span> <span class='ocrx_word' id='word_1_178' title='bbox 447 2197 501 2241; x_wconf 81' lang='lat' dir='ltr'>atius</span> <span class='ocrx_word' id='word_1_179' title='bbox 510 2208 552 2253; x_wconf 88' lang='lat' dir='ltr'>per</span> <span class='ocrx_word' id='word_1_180' title='bbox 560 2195 653 2252; x_wconf 76' lang='lat' dir='ltr'>pinguia</span> <span class='ocrx_word' id='word_1_181' title='bbox 661 2193 720 2240; x_wconf 80' lang='lat' dir='ltr'>criu</span> 
     </span>
     <span class='ocr_line' id='line_1_30' title="bbox 203 2265 750 2326; baseline -0.004 -16"><span class='ocrx_word' id='word_1_182' title='bbox 203 2269 230 2311; x_wconf 89' lang='lat' dir='ltr'>in</span> <span class='ocrx_word' id='word_1_183' title='bbox 239 2278 301 2313; x_wconf 81' lang='lat' dir='ltr'>mare</span> <span class='ocrx_word' id='word_1_184' title='bbox 307 2279 447 2326; x_wconf 86' lang='lat' dir='ltr'>purpureum</span> <span class='ocrx_word' id='word_1_185' title='bbox 456 2266 577 2313; x_wconf 79' lang='lat' dir='ltr'>violentior</span> <span class='ocrx_word' id='word_1_186' title='bbox 587 2265 660 2312; x_wconf 86' lang='lat' dir='ltr'>eitiuit</span> <span class='ocrx_word' id='word_1_187' title='bbox 668 2266 750 2311; x_wconf 81' lang='lat' dir='ltr'>amuis.</span> 
     </span>
     <span class='ocr_line' id='line_1_31' title="bbox 231 2335 818 2394; baseline -0.003 -13"><span class='ocrx_word' id='word_1_188' title='bbox 231 2337 352 2393; x_wconf 81' lang='lat' dir='ltr'>Postquam</span> <span class='ocrx_word' id='word_1_189' title='bbox 358 2337 423 2384; x_wconf 85' lang='lat' dir='ltr'>estin</span> <span class='ocrx_word' id='word_1_190' title='bbox 431 2335 520 2384; x_wconf 66' lang='lat' dir='ltr'>[hunni</span> <span class='ocrx_word' id='word_1_191' title='bbox 530 2336 652 2391; x_wconf 76' lang='lat' dir='ltr'>pendentis</span> <span class='ocrx_word' id='word_1_192' title='bbox 659 2335 748 2394; x_wconf 86' lang='lat' dir='ltr'>pumice</span> <span class='ocrx_word' id='word_1_193' title='bbox 759 2337 818 2380; x_wconf 75' lang='lat' dir='ltr'>tecta</span> 
     </span>
    </p>
   </div>
   <div class='ocr_carea' id='block_1_3' title="bbox 157 2484 314 2600">
    <p class='ocr_par' dir='ltr' id='par_1_3' title="bbox 157 2484 314 2600">
     <span class='ocr_line' id='line_1_32' title="bbox 157 2484 314 2600; baseline -0.013 1"><span class='ocrx_word' id='word_1_194' title='bbox 157 2484 314 2600; x_wconf 55' lang='grc' dir='ltr'>’Ἰ</span> 
     </span>
    </p>
   </div>
   <div class='ocr_carea' id='block_1_4' title="bbox 0 0 848 2964">
    <p class='ocr_par' dir='ltr' id='par_1_4' title="bbox 0 0 848 2964">
     <span class='ocr_line' id='line_1_33' title="bbox 0 0 848 2964; baseline 0 0"><span class='ocrx_word' id='word_1_195' title='bbox 0 0 848 2964; x_wconf 95' lang='lat' dir='ltr'> </span> 
     </span>
    </p>
   </div>
  </div>
 </body>
</html>
