1666 2964
216 421 243 462 7⁰
463 423 631 465 Gdoncicon

217 505 314 549 llumidu
322 506 372 552 vela
381 507 444 562 legit.
454 510 573 565 Nunquam
579 509 763 564 imprudentibus
772 512 830 558 turbe

216 576 719 634 obluit:sutiliumsurgentemrallibusimis

216 649 288 693 Adriae
297 647 374 705 iugem
380 661 460 704 gnaes3
472 655 511 694 aut
519 651 600 697 bucula
609 653 692 696 coelum

215 722 340 778 Suspiciens
348 723 430 778 patulis
438 723 537 778 captavit
545 723 637 768 naribus
646 736 725 776 auras;

215 797 261 836 Aut
269 795 347 848 arguta
355 792 416 836 lacus
428 792 619 837 circumvolitavit
626 792 738 847 hirundo:

215 866 244 906 Et
251 867 349 908 veterem
358 864 383 906 in
390 862 445 905 llmo
452 874 514 907 ranae
522 865 625 908 cecinere
634 866 761 920 quereiam.

213 935 299 991 sapius
308 937 332 978 et
338 933 402 978 tectis
411 932 562 990 penetralibus
570 934 648 978 extulit
657 945 701 980 ova

214 1007 341 1059 Angustum
350 1002 442 1049 iormlca
451 1006 525 1048 terens
532 1005 589 1056 itera
597 1008 620 1049 et
626 1004 683 1048 bibit
690 1005 774 1061 ingens

213 1081 286 1121 Arcus
292 1091 298 1127 ς
305 1078 329 1120 et
337 1088 350 1120 e
359 1078 424 1131 pastu
433 1074 544 1120 decedens
550 1077 640 1131 agmine
648 1071 733 1133 mag'no

213 1153 338 1192 ‹torvomm
346 1146 460 1202 increpuit
468 1146 543 1191 densis
550 1147 660 1191 exercitus
669 1147 718 1191 alls.

212 1218 345 1263 lemvarlas
353 1218 426 1272 pelagi
435 1217 551 1266 volucres,
565 1219 589 1260 ct
597 1228 647 1272 quaa
657 1218 710 1260 Asia
717 1218 807 1262 circum

213 1288 320 1332 Dulcibus
330 1288 353 1331 in
361 1289 446 1344 stagnis
455 1289 566 1331 rimantur
573 1290 636 1342 prata
646 1287 745 1343 Caystri,

212 1359 318 1402 Certatim
325 1359 399 1414 largos
408 1357 508 1402 humeris
516 1356 634 1401 infundere
642 1369 716 1407 rores,

213 1431 354 1485 Nunceaput
364 1430 476 1484 objectare
484 1428 557 1478 iretis,
567 1441 628 1474 nunc
637 1441 729 1474 currere
738 1431 763 1475 in
772 1429 833 1474 und„

210 1501 240 1543 Et
250 1499 325 1543 studio
333 1500 448 1544 incassum
454 1498 528 1545 videas
539 1499 620 1553 gestire
628 1499 729 1543 lavandi.

211 1574 269 1617 'lum
279 1572 357 1614 cornix
364 1571 432 1627 plena
442 1571 541 1628 pluviam
548 1573 615 1615 vocat
625 1571 729 1627 improba
739 1583 807 1621 voce.

211 1643 239 1684 ut
247 1642 295 1686 sola
304 1642 327 1684 in
337 1641 479 1685 siccasecum
487 1643 596 1698 spatiatur
606 1652 681 1685 arena.

211 1716 245 1758 Ne
254 1716 366 1758 nocturna
376 1712 467 1769 quidem
477 1716 594 1768 carpentes
603 1724 674 1769 pensa
683 1715 766 1770 puellos

210 1787 230 1828 N
232 1785 329 1830 escivere
337 1782 447 1834 hiemem,
459 1786 516 1828 testa
525 1795 595 1840 orsum
604 1783 699 1827 ardente
707 1784 812 1829 viderent

209 1856 335 1903 scintillare
340 1856 417 1900 oleum
426 1888 432 1910 ‚
440 1858 463 1900 et
471 1857 549 1911 putres
558 1866 707 1900 concrescere
718 1854 809 1910 iunges.

236 1929 254 1970 N
258 1939 283 1971 ec
292 1927 367 1969 miuus
374 1936 401 1968 ex
407 1924 472 1967 imbri
482 1925 539 1968 soles
548 1926 571 1968 ct
580 1925 658 1979 aperta
667 1935 750 1968 serena

209 1998 354 2052 Prospicere,
369 1997 392 2038 ei
401 1996 468 2039 certis
478 1996 561 2051 poteris
571 2005 707 2048 cognoscere
717 1995 796 2049 signis.

129 2074 131 2080 ’
208 2065 741 2123 Namnoqnetumstellisaciesobtusavidetum

207 2142 255 2183 Nec
263 2140 336 2184 iratris
342 2139 410 2183 radiis
418 2136 514 2181 obnoxia
522 2146 614 2190 surgere
623 2137 699 2184 Limen

207 2212 292 2254 'tenuia
300 2221 343 2254 nec
351 2209 410 2253 lauae
423 2219 464 2264 per
473 2207 556 2250 cuium
569 2205 652 2249 vellera
660 2203 727 2256 terris

208 2281 259 2322 Non
270 2279 371 2337 tepidum
380 2278 409 2322 ad
417 2279 488 2322 solem
495 2287 580 2333 pennas
589 2276 613 2318 ln
620 2276 687 2319 litore
694 2275 799 2332 pandunt

180 2389 182 2394 .
207 2350 298 2395 Dilecto
307 2349 396 2395 thetidi
406 2351 525 2404 alcyones:
535 2358 583 2391 non
592 2358 632 2390 ore
641 2347 727 2390 solutos

206 2421 320 2465 immundi
329 2421 453 2466 menunere
461 2431 512 2464 sues
518 2421 604 2474 lactare
613 2418 725 2474 maniplos
734 2430 739 2459 :

207 2496 236 2536 at
242 2493 329 2538 nebulae
338 2495 409 2547 magis
418 2494 462 2536 ima
471 2496 561 2548 petunt.
572 2502 697 2546 campoque
708 2492 827 2537 resinulas

205 2565 260 2618 Solis
268 2567 291 2608 ct
300 2575 404 2609 occasum
413 2574 504 2607 servans
515 2563 542 2606 d‘·
553 2562 652 2607 eolmine
666 2571 755 2610 summo
