1666 2964
251 468 279 510 'M
504 465 653 508 noconius.

253 558 272 596 o
282 553 380 598 iormose
386 563 449 610 puer,
459 552 554 596 nimium
561 564 591 598 ne
597 551 665 598 crede
673 553 754 597 colori!

254 625 310 669 hlha
317 623 412 680 ligustra
417 623 513 674 cadunt,
522 623 624 669 vaccinia
629 624 694 679 nigra
702 624 806 681 leguntur

254 696 375 752 liespectus
382 693 494 744 lihitum,
504 704 548 738 neo
560 695 598 750 qui
607 695 649 738 sim
665 694 757 751 queris,
768 695 806 740 hie

253 770 325 820 Quam
332 765 394 810 dives
400 767 499 823 pecoris.
509 766 571 811 rivet
580 778 647 822 qnam
655 767 718 812 lactis
726 766 806 811 ahunds

253 836 313 882 liille
322 848 379 881 mem
385 836 464 882 siculis
469 840 546 882 emant
552 837 576 880 in
588 837 703 881 montibus
710 849 782 893 agam

251 910 296 952 hac
304 906 359 951 mihi
366 917 414 950 non
422 911 498 953 astate
507 919 603 956 novum.
614 918 661 951 uon
669 906 753 962 irigore
766 907 806 952 dei

250 980 322 1020 canto
334 988 384 1034 quae
392 975 484 1028 solitus,
494 975 610 1033 siquando
617 979 719 1023 armenta
727 976 806 1021 vocabu

251 1048 365 1107 Amphion
372 1049 472 1093 iiircaeus
478 1049 504 1093 in
511 1050 589 1094 hctaeo
595 1047 732 1105 Aracyntho.

251 1120 299 1165 Nec
307 1133 357 1165 sum
364 1118 544 1167 adeoiniormis=
557 1121 806 1179 nupermciniittorer

250 1195 324 1246 ouum
332 1192 444 1248 placidum
453 1191 526 1237 sends
531 1193 601 1239 staret
606 1202 682 1241 marm
690 1202 739 1237 non
746 1195 806 1248 egoi

249 1261 331 1307 iudice
339 1264 374 1313 te,
383 1264 496 1314 metuam,
510 1262 529 1307 si
538 1273 656 1318 uunquam
664 1260 806 1317 iulatimago

250 1335 269 1373 o
278 1334 366 1377 tmmm
373 1331 442 1376 lineat
449 1343 540 1377 mecum
548 1332 589 1375 tihi
598 1330 688 1377 mrdida
695 1343 761 1381 rura,

250 1403 323 1458 Atque
329 1400 425 1446 humiles
430 1401 530 1446 habiture
536 1412 610 1453 casas,
620 1403 643 1447 et
651 1401 719 1457 figere
726 1413 805 1458 cervos

250 1471 418 1526 iimdorumque
424 1481 516 1526 gregem
524 1470 593 1514 viridi
601 1471 736 1527 compellere
744 1471 806 1516 hihisr

250 1546 338 1588 liecum
345 1554 390 1587 una
397 1543 422 1586 in
428 1542 490 1587 uisis
498 1541 616 1587 imitabere
622 1545 684 1586 Pana
690 1542 801 1588 cauendo.

250 1615 298 1657 Pan
307 1612 393 1669 primus
399 1613 497 1658 calamoe
507 1623 560 1657 uera
567 1613 704 1668 coniungere
714 1614 790 1668 plures

248 1682 348 1727 Instituit
357 1685 420 1727 =Pan
430 1685 495 1728 curat
500 1694 565 1734 orsa,
573 1682 694 1738 ortumque
701 1682 806 1737 magistro

248 1756 328 1800 Necte
337 1753 445 1810 poenitoat
452 1754 539 1799 calamo
547 1754 634 1798 trivisse
641 1753 759 1799 lnhclhrmr

248 1823 388 1870 iiseccadem
399 1826 426 1869 ut
434 1825 513 1875 sciret.
522 1824 577 1881 qnid
585 1835 634 1869 non
641 1824 806 1882 iaciehathmp

247 1899 286 1940 Est
294 1896 349 1940 mihi
358 1894 482 1952 disparibus
491 1898 577 1952 septem
587 1896 704 1950 compacta
710 1895 787 1940 simiis

246 1967 341 2017 uismla,
351 1965 530 2011 Damoetesdono
536 1964 591 2008 mihi
600 1976 669 2021 quam
675 1963 738 2010 dedii
744 1966 806 2010 olim

246 2036 274 2078 lit
281 2035 335 2081 dixit
341 2036 439 2082 moriens
448 2052 454 2079 t
463 2039 495 2081 τε
502 2045 564 2079 nunc
572 2033 687 2079 hahetista
692 2035 806 2081 sommdun

245 2105 304 2149 Dixit
312 2109 423 2151 Damoetas
431 2121 438 2158 ς
446 2103 615 2150 hividitstultus
623 2106 739 2161 Amyntas.

245 2177 357 2221 Praeterea
365 2176 423 2229 duo,
434 2188 478 2223 noc
487 2179 537 2220 tute
545 2175 600 2218 mihi
606 2176 665 2220 valle
673 2176 770 2232 reperti,

245 2247 358 2302 capreoli,
368 2247 448 2303 sparsis
454 2247 589 2293 etiamnunc
597 2245 691 2303 politium
697 2246 761 2298 albo,

245 2315 301 2361 Bina
310 2315 346 2361 dic
355 2317 439 2361 siccant
447 2318 495 2362 ovis
503 2316 649 2373 uberarquos
656 2316 695 2361 tihi
702 2329 777 2361 servo.

243 2390 258 2430 J
259 2399 295 2431 am
304 2387 391 2443 pridem
402 2400 458 2433 amc
464 2389 515 2433 ilios
523 2388 634 2433 abducere
641 2388 751 2444 Thestylis
757 2392 806 2434 orat

243 2461 272 2503 Et
280 2456 345 2504 iaciei
354 2492 359 2510 ,
367 2461 474 2514 quoniam
482 2461 574 2506 sordent
582 2461 622 2504 tihi
630 2472 723 2506 mmrera
731 2464 806 2507 nostra

272 2533 321 2574 iluc
329 2528 392 2580 ades,
403 2540 418 2574 o
427 2528 523 2576 iormose
532 2543 601 2588 puer:
610 2532 649 2575 tihi
658 2532 704 2576 iiiia
711 2531 783 2587 plenis

235 2603 296 2643 Eece
302 2601 382 2647 serunt
389 2603 411 2644 N
410 2601 501 2660 ymphae
511 2603 615 2647 calathis:
626 2604 666 2647 tihi
677 2602 771 2647 candida
782 2607 806 2648 Ns
