1666 2964
82 427 113 468 8ss
334 422 500 466 63011610οΝ
708 425 749 468 MS

86 513 219 558 &nudam
224 511 310 569 patitur
318 508 418 555 radicem
426 508 525 566 adfigere
534 512 610 556 terra.

86 583 177 640 optima
183 582 264 628 vinetis
271 582 328 627 satio
336 614 342 630 .
352 580 579 638 qunmrerernhenti

87 652 187 699 candida
194 653 257 698 veuit
265 653 324 702 avis,
334 652 409 708 longis
416 653 489 697 Invisa
496 652 610 703 colubrisr

87 726 164 769 Prima
170 726 207 769 rei
214 724 316 768 autumni
325 724 367 769 nib
376 722 474 779 frigora,
482 734 553 780 quum
562 722 656 781 rapidus
665 725 703 770 soi

87 794 195 840 Nondum
201 794 299 840 hiemem
308 794 421 850 contingit
428 794 491 850 equis
498 826 504 845 ,
511 795 560 849 ism
568 794 673 851 proterit
679 796 753 841 natu.

87 868 131 910 ver
140 863 197 910 adeo
204 862 280 908 irondi
287 874 406 908 nemorum
414 894 421 918 ‚
429 864 532 909 verutiie
540 862 617 909 silvias

87 940 145 982 vere
151 939 239 982 tument
247 938 326 984 terre.
337 938 361 980 et
368 935 475 992 genitalia
483 935 570 980 semina
579 937 684 991 poseium.

88 1010 145 1052 Tum
152 1008 216 1065 pater
221 1006 365 1062 omnipotens
373 1004 474 1051 [mundis
481 1004 591 1050 imbribus
596 1004 675 1051 miser

87 1077 197 1134 coniugis
204 1076 228 1120 in
234 1076 344 1132 gremium
352 1078 409 1121 laetn
415 1074 545 1128 deseendit:
553 1077 578 1122 et
586 1086 669 1123 munes

89 1152 182 1204 Magnus
192 1149 242 1198 alit,
253 1158 337 1203 magno
346 1147 478 1193 commixtim
486 1156 595 1204 corpore.
603 1143 673 1193 tetus.

89 1220 145 1265 Avis
155 1222 205 1263 tum
210 1221 319 1264 resonant
326 1221 404 1264 aribus
410 1218 508 1274 virgulta
516 1217 618 1270 canoris,

88 1292 230 1336 Etrenerem
238 1291 307 1336 certis
314 1291 420 1348 repeunt
428 1291 530 1335 armenta
537 1287 625 1334 distans.

90 1361 267 1406 Parmritalmus
274 1373 338 1418 agon
349 1360 489 1417 zephyrique
497 1360 627 1417 tepentibus
634 1360 696 1405 nuris

89 1434 173 1478 Laxant
181 1445 233 1477 arva
240 1433 313 1484 sinusr
321 1434 412 1489 superat
418 1434 483 1476 tener
492 1430 597 1476 omnibus
602 1429 699 1482 humma

89 1508 161 1561 inque
168 1515 239 1548 noros
246 1504 304 1549 soles
310 1502 424 1549 audentse
432 1503 533 1559 gramina
541 1503 593 1549 tuto

89 1574 185 1620 credere
194 1590 200 1625 ς
209 1585 252 1620 nec
259 1575 340 1619 metuit
348 1575 464 1630 surgentes
471 1572 591 1630 pampinus
597 1574 706 1623 nosnos.

91 1647 137 1690 Aut
144 1650 220 1691 actum
226 1645 284 1690 coeto
292 1645 380 1700 magnis
390 1643 538 1700 Aquilonibus
546 1643 658 1697 imbrems

90 1715 135 1763 sed
141 1714 212 1761 trudit
218 1727 328 1772 gemmas.
337 1717 360 1761 et
371 1714 461 1760 frondes
468 1713 564 1770 explieat
572 1725 663 1761 omnes.

91 1789 144 1832 Non
152 1785 285 1844 aiiosprima
293 1785 414 1831 crescentis
423 1783 511 1840 origine
519 1782 600 1828 mundi
644 1832 648 1837 ,

90 1857 190 1902 illuxisse
196 1856 256 1907 dies,
267 1854 364 1901 aliumve
371 1855 475 1900 habuisse
484 1856 588 1899 tenorem

91 1927 244 1973 crediderim:
254 1939 293 1971 ver
302 1926 357 1971 illud
367 1927 429 1976 erat:
442 1936 483 1970 ver
491 1935 587 1980 ungarus
594 1926 678 1981 agenn

92 2000 160 2045 Orbis
168 2031 173 2050 ,
181 2003 204 2045 et
211 1999 311 2044 hibernis
321 1997 444 2055 parcebant
453 1994 541 2041 flatibus
548 1995 604 2040 nuri
613 2012 620 2040 a

91 2074 166 2125 Quum
176 2072 255 2128 primae
263 2072 336 2115 iucem
346 2069 443 2125 pecudes
451 2066 557 2118 hausere.
567 2068 692 2125 virumque

92 2143 173 2186 Ferrea
180 2142 299 2198 progenies
306 2139 368 2184 duris
376 2140 445 2194 caput
453 2138 533 2182 extulit
540 2138 615 2191 arvis,

93 2212 243 2269 immissaque
251 2210 303 2257 ierae
310 2211 383 2259 silvis,
393 2214 416 2255 et
426 2208 500 2253 sidera
507 2207 573 2252 coelo.

92 2284 137 2327 Nec
146 2293 182 2327 res
188 2281 249 2328 hune
257 2285 340 2328 tenera
349 2282 441 2336 possent
446 2278 547 2337 perterre
554 2277 669 2328 lahorem.

92 2351 114 2394 si
124 2362 171 2397 non
180 2354 241 2396 tanta
250 2353 313 2408 quies
322 2351 362 2397 iret
372 2349 485 2407 frigusque
492 2350 636 2404 coloremque

93 2424 162 2474 luter,
172 2426 195 2468 et
201 2425 313 2480 exciperet
321 2423 372 2468 culi
380 2423 519 2478 induigentia
528 2424 608 2467 terras.

119 2490 755 2551 Qumsuperestquacunquepremesvirguitarerasma

93 2567 174 2619 sparge
183 2561 235 2608 fimo
243 2565 332 2620 pingui,
341 2568 361 2607 et
371 2563 441 2608 marlia
450 2573 537 2607 memor
542 2560 622 2605 ocrrrir
631 2564 702 2609 terra:
