1666 2964
82 460 96 502 6
262 457 287 497 Ρ.
302 455 420 497 vmallu
434 456 561 498 Mauortis

86 544 183 607 Virpttti
194 543 306 592 arborem
316 541 421 600 dictam,
432 556 527 591 summa
542 543 704 605 gravidarum
718 546 741 593 et

83 621 567 685 letarumreligioneoelelrratamfuisse.
732 622 735 627 ’

114 701 243 751 Cremona
252 701 362 763 primum
371 701 459 750 studiis
470 700 596 758 eruditus,
611 715 677 752 anno
693 704 745 752 lere
774 692 780 711 ¹

83 781 160 830 emtis
170 781 265 830 decimo
276 782 343 830 sexto
352 780 519 831 Mediolanum
531 793 556 830 se
571 783 688 838 contulit,
700 783 744 831 uhi

84 859 180 910 virilem
187 863 271 924 togam
276 859 389 909 sumsisse
397 858 513 918 traditur,
524 862 623 910 eolorte
633 862 686 924 ipso
694 862 744 918 die,

83 929 747 1003 quoLucretinsritadecessil3quasieumlluseetanli

84 1018 180 1081 ingenii
197 1006 314 1068 heredem
327 1017 378 1081 jam
389 1019 443 1066 tum
453 1020 615 1066 ostentarent.
628 1019 701 1068 Haud
711 1019 746 1069 ita

85 1099 163 1148 multo
172 1106 226 1160 post
236 1097 353 1148 concessit
359 1098 496 1159 Neapolim.
507 1097 604 1160 Quibus
612 1098 639 1146 in
648 1098 747 1160 oppidis

84 1177 173 1228 ardens
182 1178 293 1241 ingenito
302 1191 387 1226 amore
395 1190 540 1238 poeseos‚ac
548 1178 624 1227 totam
632 1176 685 1226 vim
694 1177 747 1239 eius

86 1259 169 1308 animo
181 1258 339 1320 precipiens,
355 1256 462 1306 adcinxit
480 1270 506 1306 se
524 1257 555 1306 ad
571 1259 668 1306 tantum
683 1270 747 1319 opus

86 1337 154 1387 omni
164 1350 255 1400 genere
266 1338 414 1388 studiorum.
425 1339 484 1388 Non
493 1338 533 1389 ille
543 1340 636 1402 poesim
652 1340 686 1388 ita
703 1340 747 1388 ad-

87 1430 185 1480 gressus
195 1418 246 1474 est,
258 1419 286 1466 ut
296 1418 396 1467 inanem
404 1419 512 1468 sonitum
525 1419 614 1476 cieret3
626 1432 677 1467 non
691 1432 749 1468 cru-

86 1495 144 1545 dam
152 1482 332 1546 adhucillusam
339 1501 363 1547 et
368 1498 451 1559 primo
462 1498 551 1547 haustu
562 1498 644 1548 statim
654 1499 748 1547 ebriam

86 1577 114 1624 in
123 1577 272 1625 Parnassum
280 1577 364 1626 intulit
369 1595 377 1635 ς
391 1577 434 1626 sed
450 1591 528 1640 quum
538 1591 592 1627 eam
602 1591 653 1627 esse
663 1576 748 1627 existi-

87 1659 166 1707 maret
172 1658 265 1715 artem,
276 1672 350 1720 quam
358 1657 468 1707 subsidio
473 1658 519 1707 nili
526 1660 650 1721 oporteret
657 1658 749 1706 artium

88 1737 266 1794 maximarum,
276 1738 303 1786 in
313 1738 399 1787 studiis
405 1738 573 1787 latenstandiu
582 1737 688 1786 excoluit
697 1737 750 1787 ani-

37 1864 38 1868 ,
88 1833 171 1876 mum,
184 1820 264 1869 donec
277 1821 367 1869 bonam
377 1824 475 1882 frugem
485 1818 589 1868 maturis
596 1819 647 1881 jam
655 1808 754 1867 viribus'

88 1901 153 1950 lerre
162 1903 253 1964 posset.
264 1901 352 1963 Neque
366 1900 446 1957 enim,
458 1898 675 1961 sagacissimorum
686 1900 751 1948 viro

89 1993 146 2028 rum
153 1975 258 2042 judicio,
270 1980 374 2041 Virgilio
384 1977 514 2028 tribuenda
530 1980 586 2026 sunt
600 1977 699 2026 inliceta
708 1976 749 2026 illa

7 2053 9 2057 ’
90 2061 224 2120 poematia,
239 2073 294 2122 quae
304 2061 379 2122 vulgo
397 2058 618 2114 circumferuntur,
634 2055 755 2120 tanquam'

90 2138 170 2201 prima
177 2141 320 2202 Virgilianae
331 2153 430 2203 poeseos
444 2138 586 2188 rudimenta
597 2137 602 2166 ¹
618 2154 624 2185 :
637 2137 672 2186 ibi
685 2138 759 2187 turta.
768 2158 779 2181 ·.

90 2217 192 2279 quidem
204 2231 233 2266 ex
243 2218 350 2283 Virgilio
357 2219 464 2281 aliquot,
478 2217 520 2267 sed
534 2219 601 2267 nulla
609 2217 671 2266 tanti
680 2217 752 2278 inge-

91 2298 127 2346 nii
144 2297 292 2349 lineamenta
310 2298 538 2361 deprehenduntur.
555 2297 754 2359 Primamigilur

116 2453 122 2486 l
135 2448 222 2486 calicem
229 2447 376 2492 indicatce‘rm,
384 2449 478 2485 llos-olum
491 2452 509 2485 et
517 2445 626 2490 coloteetm
634 2455 678 2492 qum
685 2448 755 2483 lamen
780 2476 789 2501 4

92 2510 160 2547 omnia
168 2510 223 2558 operi
239 2510 350 2558 virgiliano
358 2509 446 2546 addentia
458 2509 571 2547 censuimus
579 2536 583 2553 ‚
592 2508 678 2546 aliorum
685 2510 705 2544 et
715 2507 752 2543 in·
775 2512 789 2548 σι

95 2572 165 2619 primic
175 2572 247 2618 lleyuli
254 2572 310 2610 ducis
316 2572 429 2616 exemplum
438 2570 521 2617 mortuil,
531 2570 564 2616 qui
572 2579 593 2606 ca
600 2579 636 2607 uec
644 2577 754 2608 recensere.

87 2642 123 2670 rec
132 2634 286 2676 commentariis
294 2633 356 2673 etium
367 2633 467 2671 illustrare
476 2634 593 2680 dedignatus
601 2635 636 2671 ecl.
645 2636 664 2668 l.
767 2586 789 2725 Ι

68 2718 221 2893 Ἴ
