1666 2964
635 39 704 113 quq

82 181 109 220 ΤΖ
331 179 496 219 GEORGICON

85 270 154 314 Pura,
166 276 238 320 neque
249 265 333 308 obtusis
341 277 382 320 per
388 264 469 308 cuium
475 262 582 307 cornibus
590 263 644 313 ibit;

83 339 151 379 'totus
157 338 181 380 et
188 334 225 379 ilie
234 334 296 386 dies.
306 338 341 385 ct,
351 335 390 390 qui
397 336 520 378 nascentur
527 334 556 378 ab
565 333 607 378 illo

83 410 190 452 exactum
198 405 227 451 ad
235 417 347 456 mensem.
358 405 435 462 pluvia
443 405 562 462 ventisque
570 405 698 454 carebunt3

82 479 184 533 votaque
191 479 273 530 nemeti
283 477 372 521 solvent
380 477 404 519 iu
413 475 479 519 litore
486 477 563 519 naute

82 548 180 599 Glauco,
191 551 214 591 et
223 549 346 604 Panopen,
361 548 384 590 et
392 547 450 590 lnoo
459 544 587 590 Melicerte.

109 618 147 663 sot
155 628 245 673 quoque
253 621 277 662 et
284 617 397 664 exoriens.
407 618 431 661 et
438 626 508 671 quum
516 625 542 659 sc
548 615 629 660 condit
637 617 664 660 iu
670 628 705 662 ιιιι

82 690 149 744 sigua
158 688 221 733 dabit
229 705 236 732 ι
245 688 317 732 solem
326 688 451 732 certissima
461 687 525 742 signa
533 690 671 742 mqunntur.

85 763 112 802 tit
120 769 170 814 que
178 769 246 802 mane
253 756 337 807 reicit.
347 760 370 801 et
378 767 428 811 quc
434 755 578 811 serpentibm
584 756 660 802 unic

82 830 124 875 lile
133 831 172 875 nbi
181 832 311 874 nascentem
318 829 412 873 maculis
420 827 541 872 variaverit
550 830 642 878 crtum.

82 901 191 946 conditus
198 902 223 945 iu
232 901 328 950 nubem.
338 899 459 955 medioque
468 897 654 954 tempestiue-bes

82 973 183 1027 suspecti
191 971 232 1014 tihi
241 972 287 1015 sint
294 970 377 1015 imbres
386 986 392 1013 ι
402 980 501 1025 numque
507 970 574 1024 urget
581 968 612 1013 ab
618 968 670 1014 nito-

84 1042 251 1098 nrburibusque
258 1043 355 1098 satisque
364 1043 435 1085 Notus
443 1040 564 1098 pecorique
570 1040 673 1085 sinister.

85 1116 130 1157 Aut
136 1114 176 1157 ubi
184 1113 226 1158 sui)
233 1113 308 1157 iucem
314 1111 384 1157 densa
390 1112 450 1156 inter
456 1111 534 1155 nubila
540 1122 589 1156 sese

84 1184 170 1228 Diversi
178 1186 285 1239 rumpent
290 1181 347 1226 radii
354 1215 360 1234 ,
368 1181 453 1227 autulii
463 1180 545 1238 pallida
552 1186 631 1237 surget

83 1253 173 1297 Tithoni
182 1265 288 1298 croceum
296 1254 401 1310 linquens
409 1257 495 1296 Ancora
502 1251 588 1301 cubile:

84 1327 146 1368 Heu!
157 1324 214 1367 nne
223 1326 272 1368 tum
281 1325 347 1368 mites
356 1322 461 1369 defendet
468 1321 588 1378 pampinus
598 1331 667 1365 uvas:

83 1398 138 1438 Tam
147 1395 219 1439 mutia
227 1395 252 1438 in
261 1396 325 1439 tectis
334 1395 447 1451 crepitans
455 1392 506 1436 salit
513 1389 606 1435 horrida
613 1388 705 1446 grando·

83 1469 133 1510 iiuc
140 1466 209 1510 etiam
217 1497 223 1516 ,
231 1476 323 1510 emenso
330 1477 401 1522 quum
409 1466 456 1519 jam
467 1462 560 1507 decedet
570 1462 682 1517 Olympo,

85 1535 197 1580 profuerit
204 1536 333 1581 meminisse
343 1536 413 1589 magis
423 1550 429 1577 ι
438 1545 492 1578 ιιιιιι
499 1543 559 1588 sepe
566 1531 672 1577 videmus

84 1608 156 1663 ipsius
164 1607 187 1652 in
196 1602 261 1652 vultu
269 1609 345 1651 uarios
354 1615 431 1651 ertum
440 1605 540 1647 colotes:

83 1675 196 1724 emnileus
202 1679 303 1735 pluviam
311 1676 444 1722 denuntiat:
453 1676 544 1730 igneus.
555 1676 637 1717 Euros·

84 1752 122 1794 sin
130 1753 223 1795 inaculae
232 1750 343 1805 incipient
350 1747 417 1792 nitito
425 1744 572 1790 inmiscerier
580 1743 640 1799 igni.

84 1822 167 1866 omnia
176 1826 231 1866 tunc
239 1821 324 1878 pariter
334 1821 402 1864 vento
410 1817 536 1872 nimbisque
544 1812 633 1858 videbis

83 1896 181 1937 Fervere
189 1909 195 1936 ι
202 1903 250 1936 non
257 1890 295 1934 itta
303 1889 421 1946 quisquam
428 1898 465 1931 me
472 1889 540 1931 nocte
547 1896 590 1941 pec
597 1885 677 1929 altum·

85 1966 120 2008 ine
129 1996 135 2014 .
143 1975 217 2020 neque
226 1975 239 2007 a
247 1965 306 2007 terra
314 1961 406 2005 monesi
412 1958 539 2004 convellere
549 1955 635 2000 tnnem.

86 2041 115 2080 At
123 2037 141 2080 si
148 2069 153 2085 ,
161 2046 232 2092 quum
238 2034 364 2089 referetque
372 2031 443 2080 diem,
453 2029 581 2083 condetque
590 2028 705 2074 relatum„

86 2107 183 2152 lucidus
194 2107 255 2151 orbis
262 2106 318 2154 enit,
327 2103 409 2148 innita
418 2103 530 2147 tenebere
539 2098 634 2148 nimbis,

86 2182 115 2224 Et
121 2180 185 2223 clavo
191 2178 258 2222 silvas
266 2187 344 2221 cernes
354 2173 465 2230 Aquilone
472 2170 566 2215 moveri.

86 2250 196 2306 lienique.
207 2247 262 2304 quid
269 2249 421 2302 vespersems
429 2244 506 2291 vehat,
515 2238 575 2285 unde
585 2250 678 2284 serenes

85 2324 171 2367 venius
179 2321 232 2376 agat
239 2319 323 2364 nubes.
334 2315 388 2372 quid
401 2316 485 2370 cogitet
492 2311 597 2358 humidus
606 2312 698 2361 Auster,
