1666 2964
238 184 277 226 sui
483 184 649 225 GEORGICON

236 271 326 314 scilieet
332 269 377 314 huc
386 269 452 320 reddi
459 268 542 316 deinde
550 282 577 316 ac
585 270 684 316 resoluta
691 271 773 317 referri

235 339 328 391 omnia;
337 350 381 383 nec
390 340 457 384 morti
466 351 515 385 esse
523 341 610 388 inerim.
621 339 661 384 red
670 341 722 385 viva
731 343 810 386 volare

235 410 318 456 sideris
324 411 349 454 in
357 421 490 460 numerum.
501 412 568 466 arque
576 411 623 456 alio
629 410 752 457 succedere
761 413 830 465 eoeia

262 481 285 525 si
292 479 383 538 quande
389 479 466 525 sedeur
476 483 593 534 angustam
602 484 734 537 seruamque
743 483 813 528 mella

235 553 353 599 Thesaurls
363 551 456 602 munes,
466 552 528 609 prius
537 551 618 597 haustu
625 563 715 609 sparsus
721 565 807 611 squaru

235 629 281 671 ora
288 625 355 675 iove.
365 623 482 680 iumosque
491 635 560 668 manu
568 624 683 682 praetende
690 636 806 680 sequaces.

235 696 273 743 Bis
279 695 384 753 musidae
392 698 477 752 cogunt
487 692 558 746 [erus.
570 694 618 738 duo
627 697 727 752 tempora
734 697 828 746 messis.

235 771 332 825 Taygete
338 767 405 813 simul
413 778 439 812 os
445 765 511 810 terris
520 765 619 810 ostendit
625 765 746 810 honesrum

235 837 308 901 Plias,
317 840 341 882 et
349 837 434 882 Oceani
445 839 533 893 spretos
539 835 597 893 pede
608 835 706 893 reppulit
713 848 806 887 munem

234 912 281 955 Aut
293 908 372 954 eadem
380 907 442 954 sidus
451 907 538 962 fugiens
547 907 585 951 ubi
595 906 665 950 Piscis
673 907 751 963 aquosi

233 978 439 1029 Tristiorhibernas
446 980 504 1026 coelo
511 977 627 1027 descendit
635 977 660 1020 in
669 977 751 1022 undas.

262 1050 307 1097 illis
317 1051 352 1095 ira
358 1048 452 1094 modam
460 1060 530 1105 supra
538 1049 583 1096 est.
593 1047 697 1103 laesaeque
704 1059 820 1093 venenum

234 1120 343 1170 uorsdsus
353 1119 477 1177 inspirant,
487 1122 510 1163 et
516 1118 602 1175 spicula
608 1128 671 1165 ecca
677 1116 812 1174 relinquunt

234 1190 400 1240 Adfiraerenls.
412 1190 543 1246 animasque
550 1188 677 1233 invrduere
684 1192 784 1245 ponunt.

233 1266 273 1313 Sin
280 1296 286 1310 .
294 1263 377 1308 duram
385 1264 474 1307 metues
482 1260 594 1311 hiemem,
606 1270 729 1316 parcesque
739 1258 831 1307 futura.

234 1337 390 1390 contuscsque
396 1333 483 1377 animos
489 1333 512 1376 et
520 1342 556 1375 res
563 1329 698 1374 miserabere
708 1328 805 1381 iracias;

234 1411 264 1451 Ar
271 1404 348 1451 suffire
358 1405 449 1459 thymo,
458 1412 567 1458 cerasque
577 1399 678 1445 recidere
688 1401 779 1450 inanes,

233 1479 289 1533 Quis
295 1477 398 1522 dubitet?
406 1486 460 1519 nam
468 1485 528 1530 saepe
536 1472 599 1517 iares
608 1471 699 1526 Quotus
706 1470 783 1515 adedit

234 1550 324 1599 secliim
334 1552 357 1593 et
364 1544 469 1600 luciiugis
475 1546 580 1599 congesta
588 1541 671 1591 cubilia
678 1540 770 1592 blattis:

234 1619 386 1674 immunisque
394 1615 474 1661 sedens
479 1612 585 1659 alieuaad
596 1612 677 1668 pabula
685 1611 762 1662 iucus.

235 1693 280 1734 Aut
288 1699 353 1746 asper
360 1685 440 1735 crabro
449 1682 572 1740 imparibus
581 1694 604 1727 se
611 1681 826 1735 immiscuissem„

234 1765 280 1805 Aut
289 1760 377 1811 dirum,
391 1757 471 1806 tineas,
481 1766 565 1810 genus,
575 1755 615 1797 aut
624 1753 697 1798 invisa
703 1752 812 1796 Minervae

233 1833 306 1875 Laxos
315 1831 338 1873 in
347 1827 432 1872 faribus
439 1824 556 1881 suspendit
564 1834 648 1870 aranea
655 1833 736 1867 casses.

233 1905 286 1954 erc
292 1901 363 1956 magis
370 1898 481 1949 exirausiae
487 1894 572 1939 fuerint
580 1927 586 1945 ,
593 1894 638 1938 boe
646 1894 720 1938 acrius
728 1904 810 1940 omnes

233 1974 368 2017 incumbent
375 1968 462 2025 generis
468 1968 524 2023 lapsi
532 1966 615 2011 sarcire
625 1967 713 2015 ruinas.

233 2042 427 2099 (bmplebuntque
436 2038 509 2090 iores,
521 2038 544 2081 et
552 2033 645 2080 floribus
653 2034 736 2078 horrea
744 2037 823 2077 sexeni

258 2115 280 2157 si
290 2124 345 2158 vero
355 2144 360 2161 .
371 2111 477 2167 quoniam
488 2120 552 2153 casus
559 2107 639 2164 apibus
646 2117 737 2162 quoqne
744 2109 823 2148 nostre

232 2187 283 2231 Vita
291 2184 354 2234 tulit.
368 2182 424 2226 tristi
433 2179 572 2235 languebunt
578 2188 675 2233 corpora
683 2176 776 2225 morb0;

236 2254 302 2308 Quod
308 2256 355 2310 jam
362 2264 409 2297 nou
417 2250 490 2295 dubiis
495 2248 580 2306 pateris
590 2256 728 2303 cognoscere
736 2245 806 2299 signis
816 2260 821 2283 :

232 2323 346 2368 aicniirum
355 2325 389 2367 est
396 2320 461 2376 aegris
470 2318 525 2366 eiius
534 2316 612 2366 colam
627 2312 718 2363 barrida
728 2313 818 2357 vrriium
